3386 5056
831 553 872 618 43

266 735 376 801 animo
397 734 576 799 iuvenili-
590 753 670 800 nam
691 753 757 799 non
775 731 949 799 inveterati
960 735 1045 813 sunt,
1067 731 1163 813 igitur
1175 730 1323 798 nondum
1334 733 1441 799 morbi

265 843 342 904 sunt
372 839 448 905 iacti
469 875 509 886 —
530 843 564 904 et
597 838 823 921 philosophiae
856 837 1062 903 intermissae
1093 836 1215 902 fructus
1240 856 1307 903 non
1329 842 1442 905 manet
1579 895 1582 902 .

144 1017 148 1026 Δ
268 945 320 1022 (ct.
342 964 417 1028 pag.
438 945 530 1011 3911.
552 944 584 1012 d.
605 945 639 1009 in
659 945 746 1020 fine).

305 1051 358 1115 Vs.
390 1051 489 1131 15116.
521 1051 584 1132 At,
615 1050 762 1133 inquies,
794 1070 896 1134 quare
917 1071 971 1118 me
995 1048 1175 1116 excruciem
1196 1047 1313 1114 studiis
1335 1050 1441 1132 philo-

266 1156 428 1237 sophiae?
458 1157 514 1221 Est
545 1156 625 1222 mihi
657 1176 735 1239 ager
766 1177 786 1222 a
818 1163 912 1240 patre
945 1157 1095 1234 relictus3
1126 1172 1329 1237 quamquam
1350 1155 1442 1224 haud
1571 1247 1573 1250 Ι

266 1279 414 1343 magnus
444 1264 557 1326 tamen
589 1261 672 1341 sert,
703 1262 792 1327 unde
824 1263 955 1342 vivam;
977 1266 1010 1328 et
1030 1259 1261 1342 supellectilem
1283 1263 1316 1325 et
1337 1278 1439 1342 quae-

266 1385 405 1448 cumque
436 1366 479 1431 ad
506 1365 607 1431 vitam
649 1367 832 1448 degendam
864 1367 1048 1434 necessaria
1071 1368 1166 1445 sunt,
1197 1364 1293 1430 bonis
1314 1365 1442 1432 artibus

264 1470 413 1552 quaesita
441 1469 549 1536 habeo
577 1474 707 1552 (purum
740 1475 772 1536 et
802 1473 872 1537 sine
903 1474 977 1538 labe
1009 1469 1174 1552 salinum).
1228 1469 1313 1547 Quid
1345 1469 1443 1552 igitur

265 1578 440 1641 metuam?
466 1575 1009 1658 Subintellegendumresponsum:
1030 1575 1117 1640 Nihil
1127 1573 1319 1656 timendum,
1330 1575 1442 1641 odium

266 1683 299 1745 et
319 1679 476 1745 invidiam
498 1699 565 1745 non
588 1681 772 1759 contrahis3
793 1682 945 1748 concedo,
980 1681 1081 1760 ,illud
1101 1699 1144 1745 ne
1164 1679 1320 1762 timearis,
1342 1701 1440 1763 prae·

265 1785 364 1850 stabit
384 1784 443 1850 tibi
465 1784 617 1852 fortunae
639 1787 866 1854 mediocritas’'
888 1788 977 1870 (Sen.
999 1807 1050 1869 ep.
1073 1784 1153 1866 105).

304 1890 415 1972 Pergit
435 1889 580 1956 iuvenis:
612 1895 718 1969 ,tutus
739 1895 771 1958 et
792 1912 924 1959 securus
946 1912 1021 1973 ero,
1043 1891 1121 1974 quia
1141 1891 1226 1956 lares
1251 1893 1283 1956 ct
1305 1894 1442 1973 penates

264 2015 395 2078 semper
414 1996 476 2061 rite
498 1996 612 2062 colui’.
652 1997 842 2080 Respondet
862 2002 961 2081 poeta
980 1998 1202 2080 interrogam,
1223 1997 1275 2061 vel
1295 1997 1441 2063 simavis

265 2119 373 2166 comes
404 2101 456 2166 ille
488 2102 626 2169 stoicus:
657 2103 748 2168 Haec
779 2104 876 2185 igitur
906 2104 1071 2169 sufficiunt
1092 2103 1136 2169 ad
1154 2102 1317 2185 agendam
1338 2103 1441 2169 vitam

264 2210 369 2271 tutam
401 2210 433 2270 et
461 2208 621 2272 beatam?
653 2210 706 2272 An
736 2209 787 2273 his
818 2210 1006 2291 superbiam
1036 2209 1084 2273 vis
1115 2207 1257 2287 addere,
1279 2209 1440 2290 superbus

264 2330 303 2377 ac
334 2313 437 2376 elatus
468 2313 565 2394 longa
595 2313 754 2377 maiorem
779 2315 862 2378 serie
884 2318 916 2378 et
937 2314 1049 2379 amicis
1070 2314 1298 2395 magistratum
1320 2331 1435 2394 geren-

264 2417 378 2482 tibus?
398 2416 540 2481 Stultum
562 2436 597 2482 se
618 2418 755 2500 praebet
776 2418 921 2499 iuvenis,
944 2419 1033 2502 quod
1057 2418 1145 2500 degit
1167 2416 1288 2498 vitam,
1309 2418 1441 2500 qualem

265 2521 360 2604 degit,
381 2526 512 2588 terrena
534 2524 603 2589 sola
624 2527 784 2607 spectans,
805 2543 866 2589 nec
887 2524 1003 2591 altiora
1013 2528 1139 2606 petens.
1161 2523 1283 2588 Doceat
1295 2542 1369 2588 eum
1381 2522 1439 2590 Se-

264 2646 346 2692 neca
367 2629 430 2708 (ep.
454 2628 523 2710 17):
548 2629 615 2706 ,Tu
637 2648 725 2709 ver0,
746 2629 815 2694 sive
836 2629 959 2711 aliquid
979 2630 1091 2710 hahes
1112 2629 1178 2694 iarn
1188 2627 1438 2710 philosophare:

264 2731 352 2797 unde
383 2733 469 2796 enirn
500 2734 581 2813 scis,
614 2753 654 2799 an
678 2733 745 2799 iam
766 2733 862 2799 nimis
883 2735 1027 2812 habeas3
1056 2734 1124 2798 sive
1145 2733 1245 2813 nihil,
1266 2733 1328 2798 hoc
1349 2734 1438 2814 prius

265 2856 405 2920 quaere,
436 2857 536 2920 quam
558 2837 765 2920 quidquam’'.
809 2839 1027 2921 Cogitandum
1049 2842 1098 2904 est
1118 2838 1229 2904 omnia
1250 2841 1386 2903 externa
1407 2842 1440 2903 et

264 2943 431 3008 terrestria
451 2943 594 3023 incerta,
617 2945 759 3024 caduca,
780 2945 914 3010 mobilia
935 2961 1026 3021 esse3
1052 2944 1170 3023 ,virtus
1190 2948 1239 3009 est
1260 2962 1327 3009 una
1348 2943 1439 3008 altis·

265 3046 355 3111 simis
376 3047 483 3113 defixa
504 3048 696 3128 radicibus'',
719 3049 831 3114 Cicero
854 3050 963 3128 nescio
984 3068 1050 3132 quo
1067 3049 1263 3131 locoinquit.
1286 3048 1371 3126 Quid
1381 3048 1440 3113 tibi

265 3152 425 3234 reliquum
457 3153 538 3234 erit,
561 3156 599 3217 o!
621 3154 766 3233 invenie,
788 3154 815 3218 si
834 3174 899 3237 quo
920 3174 998 3220 casu
1019 3157 1077 3219 tua
1097 3153 1271 3219 amiseris?
1293 3153 1387 3218 Disce
1408 3156 1441 3217 et

266 3258 401 3322 summis
421 3258 544 3323 viribus
565 3259 688 3324 enitere
708 3263 745 3323 ut
766 3260 897 3341 sapiens
917 3260 987 3340 fias,
1010 3279 1088 3325 narn
1109 3259 1161 3324 hic
1182 3259 1440 3323 solussinamctu

267 3364 325 3442 est,
342 3362 395 3427 hic
405 3365 493 3428 solus
503 3384 631 3429 securus
642 3369 690 3429 est
703 3370 763 3443 35).
785 3365 851 3430 Sed
861 3384 919 3429 vos
930 3367 968 3430 o!
989 3365 1087 3444 stulti,
1099 3363 1305 3447 quidagitis?
1321 3362 1440 3441 ,Otiosi

266 3467 385 3532 divitiis
406 3468 534 3549 luditis,
555 3489 615 3535 nec
636 3470 814 3551 providetis
834 3471 964 3535 illarum
984 3471 1173 3552 periculum.
1205 3469 1296 3534 Sicut
1306 3469 1440 3534 barbari

264 3572 456 3656 plerumque
477 3575 592 3639 inclusi
613 3580 646 3640 et
666 3575 771 3657 ignari
792 3575 1039 3655 machinarum,
1072 3593 1188 3656 segnes
1210 3575 1359 3640 laborem
1379 3575 1437 3640 ob·

266 3677 440 3744 sidentium
463 3682 629 3762 spectant,
651 3699 711 3745 nec
733 3700 797 3762 quo
819 3681 874 3745 illa
894 3681 1090 3763 pertineant,
1113 3699 1199 3762 quae¹
1213 3698 1252 3743 ex
1262 3679 1439 3761 longinquo

266 3782 489 3864 instruuntur,
510 3785 711 3866 intelligunt,
734 3786 821 3850 idem
842 3786 935 3851 vobis
958 3786 1086 3863 evenit3
1108 3784 1257 3850 marcetis
1280 3785 1313 3848 in
1325 3784 1439 3850 vestris

265 3889 381 3954 rebus:
407 3908 467 3954 nec
489 3890 654 3971 cogitatis,
677 3894 758 3972 quot
778 3911 871 3956 casus
892 3891 1037 3973 undique
1057 3889 1267 3970 immineant,
1289 3890 1439 3956 iamiam·

267 4013 330 4077 que
351 3994 494 4076 pretiosa
514 3995 619 4077 spolia
640 3996 748 4062 laturi.
780 3996 927 4079 Sapienti
950 3996 1095 4078 quisquis
1119 3995 1289 4060 abstulerit
1300 3995 1438 4076 divitias,

267 4099 378 4164 omnia
399 4100 444 4164 1111
464 4119 525 4165 sua
545 4101 726 4183 relinquet:
747 4101 827 4165 vivit
848 4101 935 4165 enim
956 4101 1183 4183 praesentibus
1204 4101 1319 4182 laetus
1340 4101 1440 4166 futuri

267 4207 418 4270 securus’'
439 4205 528 4283 (Sen.
550 4205 590 4272 de
612 4203 768 4272 vit'beat
798 4225 814 4270 c
844 4206 907 4283 16).

306 4310 518 4376 Nobilitatem
539 4311 666 4392 generis
690 4329 728 4376 ac
747 4311 828 4376 talia
848 4311 929 4377 nihil
949 4315 1065 4377 curant
1076 4311 1196 4390 Stoici3
1217 4311 1302 4378 inter
1311 4313 1439 4380 indiffe-

267 4415 374 4484 rentia
394 4419 471 4483 sunt
491 4416 767 4500 numeranda³⁰).
788 4417 884 4497 (Vide
904 4437 978 4502 pag.
998 4419 1019 4484 5
1039 4419 1071 4484 h.
1092 4418 1147 4497 d).
1177 4418 1383 4534 Pulcherime
1398 4420 1439 4487 de

1307 4521 1313 4539 ¹
1358 4527 1375 4585 t

1496 4475 1512 4510 n

1528 4429 1555 4472 ih
