3402 5056
835 529 873 596 10

267 713 389 792 Quodsi
411 712 587 795 quaiaciat
606 710 780 790 instigante
802 711 919 776 affectu
940 710 1093 792 quodam,
1115 711 1199 781 ratio
1211 732 1286 779 eum
1298 713 1440 797 nonjam

267 824 359 901 regat
382 838 443 890 nec
463 819 592 900 sapiens
613 817 663 882 sit.
695 816 753 881 Sin
774 836 852 882 vero
873 816 956 881 ratio
981 816 1119 882 suadeat
1130 836 1170 882 ex
1182 817 1370 900 adiaphoris
1389 819 1441 885 vel

267 925 487 1007 turpissimum
499 940 645 997 sumere,
659 921 704 985 nil
716 925 764 986 est
776 921 864 1004 quod
876 941 950 986 eum
962 921 1038 988 inde
1050 921 1224 989 deterreat.
1246 923 1294 988 lta
1302 922 1443 1005 sapienti

267 1029 395 1112 quidvis
412 1031 601 1111 perpetrare
624 1026 718 1102 licet3
740 1026 852 1092 omnia
872 1026 1020 1092 instituta
1031 1026 1183 1108 legesque
1195 1028 1357 1093 humanas
1369 1027 1442 1092 des-

267 1136 353 1218 picit,
365 1134 453 1217 quod
464 1152 599 1215 peccare
612 1151 678 1197 non
688 1135 804 1213 potest.
817 1131 1035 1219 Quodscitum
1043 1132 1170 1198 invenis
1180 1133 1268 1214 apud
1276 1132 1443 1198 Laertium

268 1243 303 1306 in
323 1239 460 1306 Zenonis
481 1239 564 1318 vita,
589 1239 664 1305 123:
686 1239 937 1314 Ἀναμαρτήτονς
959 1236 1027 1307 τοὺς
1047 1238 1153 1317 σοφοὺς
1164 1247 1207 1317 τῷ
1218 1238 1443 1322 &pepercerimus

269 1337 335 1408 εἶναι
355 1346 572 1422 ἁμαρτήματα
596 1362 674 1407 nam
696 1341 796 1406 Stoici
818 1340 870 1402 τὸν
890 1339 1010 1417 ἀγαθὸν
1020 1342 1111 1419 ἄνδρα
1122 1344 1233 1404 τέλειον
1245 1334 1310 1404 εἶναι
1323 1344 1443 1421 λέγουσι

268 1451 314 1513 διὰ
337 1447 371 1510 τὸ
393 1447 785 1525 μηδεμιᾶς-ἀπολείπεσθαι
806 1446 913 1523 ἀρετῆς
935 1445 1036 1522 (Stob.
1049 1448 1181 1525 Electa).
1204 1447 1442 1530 Sapienssem·

269 1577 328 1639 per
350 1555 471 1638 ubique
493 1553 646 1619 virtutem
667 1551 790 1629 habet;
814 1552 917 1618 virtus
938 1555 1047 1617 autern
1069 1571 1136 1617 non
1157 1553 1342 1619 dediscitur.

308 1661 370 1727 Hic
398 1662 467 1725 iure
487 1657 614 1723 laudari
635 1661 742 1738 potest
763 1656 851 1739 quod
873 1657 965 1722 aiunt
991 1658 1167 1735 „Naturam
1189 1658 1331 1741 expellas
1352 1660 1443 1726 furca

271 1772 382 1833 tamen
414 1783 516 1847 usque
547 1764 731 1842 recurret”,
763 1763 912 1845 cavitque
941 1763 1073 1828 fortuna
1093 1764 1221 1845 generis
1242 1765 1378 1830 humani
1400 1784 1443 1830 ne

272 1891 428 1955 umquam
461 1869 590 1951 sapiens
616 1870 859 1933 consummatus
881 1889 899 1933 e
921 1871 1031 1934 mente
1052 1867 1235 1934 Stoicorum
1257 1870 1361 1936 lucem
1384 1871 1442 1935 ad·

269 1976 422 2061 spexerit.
454 1974 576 2039 Omnes
607 1993 685 2038 vero
717 1973 835 2053 Stoici,
865 1974 920 2056 qui
948 1973 1033 2038 inter
1054 1973 1169 2038 stultos
1190 1974 1328 2056 proximi
1351 1995 1370 2040 a
1391 1991 1444 2040 sa·

270 2083 395 2167 pientia
417 2081 566 2160 luerunt,
589 2082 749 2161 quantum
771 2080 962 2162 accepimus
983 2079 1084 2144 vitam
1097 2074 1334 2148 sanctissimam
1347 2085 1446 2164 atque

271 2188 487 2254 castissimam
510 2185 677 2265 degerunt.

310 2293 407 2369 Aliud
439 2290 645 2372 inopinatum
678 2293 727 2354 est
764 2290 923 2369 ,Virtutes
955 2308 1068 2355 omnes
1091 2310 1188 2371 pares
1210 2294 1243 2355 et
1263 2292 1447 2358 individuas

271 2400 370 2464 esse’'.
413 2395 613 2477 Chrysippus
635 2395 699 2460 ait:
722 2393 778 2464 τὰς
799 2394 907 2471 ἀρετὰς
929 2393 1102 2458 ἀκολουθεῖν
1122 2395 1280 2471 ἀλλήλαις,
1304 2396 1334 2457 οὐ
1357 2400 1445 2475 μόνον

270 2513 313 2582 τῷ
344 2503 396 2564 τὲν
427 2506 497 2579 μίαν
529 2499 638 2579 ’έχοντα
670 2501 773 2570 πάσας
795 2499 882 2580 ἔχειν,
915 2499 997 2559 ἀλλὰ
1019 2507 1063 2578 τῷ
1084 2498 1136 2560 τὸν
1155 2499 1236 2562 κατὰ
1259 2508 1330 2578 μίαν
1353 2503 1445 2562 ὁτιοῦν

270 2606 442 2685 ἐνεργοῦντα
463 2604 544 2668 κατὰ
565 2606 669 2674 πάσας
684 2603 808 2680 ἐνεργεῖν
819 2604 885 2664 οὔτε
897 2604 987 2680 daupu
1000 2605 1111 2664 τέλειον
1122 2595 1199 2680 εἶναι,
1213 2605 1265 2666 τὸν
1287 2606 1330 2683 μὴ
1341 2609 1445 2677 πάσας

271 2713 381 2794 ’έχοντα
402 2711 458 2782 τὰς
470 2709 578 2786 ἀρετὰς
599 2710 664 2770 οὔτε
689 2710 795 2797 πρᾶξιν
816 2710 942 2785 τέλειον,
954 2709 1018 2780 ἥτις
1028 2709 1060 2769 οὒ
1069 2709 1150 2773 κατὰ
1161 2716 1265 2782 πάσας
1275 2714 1445 2789 πράττεται

271 2819 328 2890 τὰς
349 2818 459 2891 ἀρετάς
481 2815 532 2891 (ci.
556 2814 644 2896 Diog.
668 2816 776 2880 laert.
800 2815 870 2888 Vll.¹
887 2817 964 2886 1251.
996 2815 1087 2888 Haec
1098 2819 1213 2896 sponte
1225 2821 1406 2900 sequuntur
1427 2838 1446 2885 c

271 2924 371 2990 scito:
392 2922 546 2987 virtutem
566 2940 633 2985 non
654 2920 812 2986 contineri
824 2920 1013 3002 actionibus,
1034 2921 1093 2986 sed
1103 2924 1190 2986 statu
1201 2923 1319 2989 mentis
1332 2941 1445 3006 eoque,

271 3049 336 3113 quo
369 3029 456 3093 solus
486 3027 615 3109 sapiens
636 3027 767 3109 gaudet.
802 3027 955 3092 Actiones
975 3027 1097 3092 multae
1121 3030 1219 3110 atque
1239 3028 1352 3093 variae
1376 3047 1446 3094 esse

271 3137 426 3218 possunt:
449 3153 541 3197 mens
562 3133 707 3214 perfecta
727 3133 864 3214 simplex
885 3135 917 3197 et
939 3136 1091 3197 constans
1111 3137 1169 3199 est.
1201 3133 1447 3199 Unavirtusest

271 3241 331 3307 etsi
352 3239 460 3306 mullis
481 3238 634 3319 insignita
653 3237 843 3302 vocabulis'’
863 3236 915 3318 (cs.
938 3236 1013 3302 Sen.
1036 3257 1086 3318 ep.
1108 3239 1167 3316 663
1190 3258 1231 3320 ep
1263 3239 1345 3317 113).

311 3347 380 3412 lam
402 3344 528 3425 pridem
549 3342 688 3407 vidimus
708 3343 890 3425 sapientem
911 3361 949 3408 eo
971 3342 1072 3408 animi
1092 3343 1208 3410 habitu
1228 3343 1380 3426 gaudere,
1392 3343 1442 3408 cui

271 3453 369 3518 rebus
397 3450 538 3516 externis
570 3449 650 3513 nihil
680 3448 851 3527 accedere,
884 3448 939 3529 qui
966 3448 1092 3513 nullum
1115 3449 1190 3514 inde
1211 3448 1443 3516 detrimentum

271 3576 387 3641 capere
408 3554 517 3638 possit.
548 3555 720 3620 Possessor
740 3553 868 3618 virtutis
886 3553 983 3634 igitur
1003 3572 1133 3635 semper
1156 3555 1271 3619 beatus
1283 3557 1341 3634 est,
1355 3554 1443 3620 unde

271 3663 463 3746 paradoxon
493 3663 608 3725 natum
643 3658 841 3741 ,sapientem
869 3659 920 3723 vel
942 3659 974 3723 in
997 3660 1168 3724 tormentis
1186 3660 1321 3729 beatum
1343 3661 1442 3725 esse”.

272 3769 358 3848 Quid
378 3768 419 3832 M.
441 3766 626 3832 Scaevola?
660 3765 776 3830 Nonne
798 3784 837 3830 eo
858 3764 968 3830 animo
989 3764 1087 3828 fuisse
1108 3765 1257 3845 videtur,
1274 3769 1320 3847 ut,
1342 3785 1443 3848 quum

272 3872 481 3940 atrocissimis
513 3870 678 3936 doloribus
711 3870 928 3948 cruciaretur,
951 3877 1089 3945 [summa
1110 3874 1221 3937 tamen
1241 3871 1444 3937 beatitudine

272 3981 459 4047 frueretur?
491 3975 650 4059 Sapiens,
670 3994 771 4057 quum
792 3974 854 4041 sibi
876 3975 1021 4040 conscius
1043 3975 1084 4041 sit
1099 3996 1213 4042 omnes
1224 3976 1324 4043 animi
1335 3980 1443 4044 motus

272 4086 432 4153 subiectos
464 4103 535 4148 esse
566 4081 684 4156 rationi
712 4080 860 4163 adeoque
881 4081 923 4146 ab
947 4101 986 4147 ea
1006 4081 1157 4163 reprimi,
1179 4085 1215 4147 ut
1235 4083 1323 4149 nullo
1344 4083 1443 4149 modo

269 4193 342 4266 ¹eius
362 4191 538 4275 praecepta
558 4187 734 4269 infringere
754 4188 896 4266 valeant,
917 4187 1070 4252 fiduciam
1082 4189 1114 4253 et
1124 4189 1326 4271 voluptatem
1338 4207 1442 4271 quan-

273 4299 350 4368 dam
372 4294 472 4360 animi
492 4294 661 4376 persentit,
682 4292 800 4375 quibus
819 4293 916 4358 etiam
929 4292 963 4357 in
974 4291 1110 4358 summis
1122 4293 1316 4359 cruciatibus
1326 4293 1442 4359 beatus

273 4405 323 4474 sic
355 4401 465 4484 Quum
485 4417 616 4466 necesse
637 4398 679 4464 sit
701 4417 833 4464 ornnem
852 4398 953 4466 animi
963 4401 1089 4466 molum
1099 4418 1157 4465 seu
1169 4398 1321 4466 affectum
1332 4400 1443 4483 procul
