3382 5056
855 545 894 610 79

287 723 366 788 latet
397 723 475 790 mali
504 723 718 807 principium
758 725 839 791 deus
871 745 945 791 cum
977 730 1103 793 crearet
1134 727 1295 792 mundum
1327 725 1461 809 eiusque

286 831 416 912 partes,
437 828 548 894 omnia
568 829 657 895 bona
676 828 789 910 finxit,
810 830 923 897 sedin
943 831 998 898 illa
1018 831 1079 897 fuit
1096 830 1265 915 aliquavis
1276 850 1461 914 repugnans

287 937 320 998 et
350 934 521 1000 malitiosa.
562 933 608 1000 Cf.
641 934 799 1001 Senecam
830 937 945 1019 (praef.
977 936 1011 1001 in
1043 939 1110 1002 nat.
1143 938 1268 1020 quaest.
1299 936 1334 1001 in
1364 936 1459 1017 fine):

290 1040 512 1117 „....Utrum
534 1041 614 1105 deus
635 1041 794 1123 quidquid
823 1043 892 1108 vult
923 1042 1061 1123 efficiat,
1093 1061 1137 1108 an
1170 1042 1203 1106 in
1230 1042 1341 1108 multis
1362 1043 1460 1108 rebus

285 1143 375 1209 illum
406 1146 578 1210 tractanda
609 1144 805 1210 destituant:
849 1149 881 1210 et
913 1166 933 1213 a
963 1165 1082 1228 magno
1118 1147 1241 1213 artifice
1273 1147 1456 1212 formentur

285 1267 389 1330 prava
420 1251 543 1329 multa,
575 1268 642 1315 non
663 1249 741 1333 quia
762 1253 959 1329 cessatam,
991 1251 1050 1316 sed
1071 1251 1150 1334 quia
1169 1251 1203 1317 id
1223 1251 1258 1316 in
1280 1269 1344 1335 quo
1366 1269 1459 1317 exer·

285 1356 375 1419 cetur
396 1355 561 1436 (materia)
582 1355 801 1437 inobsequens
822 1355 885 1420 arti
907 1357 1003 1420 est?''

326 1459 411 1524 Hinc
436 1461 628 1524 exstiterunt
647 1461 736 1525 mala
756 1460 886 1526 interna
908 1462 940 1526 et
961 1463 1106 1527 externa.
1148 1461 1232 1527 Sunt
1251 1461 1315 1527 hae
1336 1479 1455 1545 quaes·

284 1563 389 1629 tiones
420 1565 577 1631 obscurae
599 1567 631 1630 et
652 1565 816 1646 difficiles,
847 1566 888 1631 de
909 1566 1027 1650 quibus
1047 1567 1113 1631 iam
1135 1566 1258 1648 egimus
1279 1567 1314 1632 in
1336 1569 1459 1652 pagina

286 1670 324 1734 19
343 1670 375 1735 h.
398 1670 427 1735 d.
450 1669 510 1748 (Gt.
531 1670 616 1753 Lips.
637 1671 730 1753 phys,
751 1669 806 1735 lib.
831 1669 855 1735 l.
878 1670 952 1736 diss.
976 1671 1034 1750 143
1055 1691 1143 1738 man.
1164 1671 1218 1738 lib.
1241 1672 1269 1736 t.
1291 1672 1367 1740 diss,
1392 1675 1452 1754 10).

323 1774 424 1856 igitur
445 1775 573 1841 animus
592 1775 714 1840 laborat
732 1776 816 1840 uinci
835 1776 855 1839 i.
877 1796 905 1841 e.
927 1777 1055 1842 animus
1071 1779 1183 1844 noster
1192 1777 1313 1860 duplex
1324 1781 1359 1844 et
1369 1798 1452 1846 unus

284 1898 394 1944 secum
426 1883 569 1962 pugnat,
600 1881 710 1946 studet
740 1883 777 1944 ut
805 1880 935 1963 vincat,
968 1886 1001 1946 et
1029 1881 1216 1948 reluctatur.
1247 1881 1295 1948 uf.
1316 1902 1389 1966 pag.
1410 1885 1451 1950 89

283 1986 379 2052 huius
404 1986 530 2052 dissert.
1041 2065 1044 2070 Ι

322 2091 375 2156 Vs.
405 2092 454 2155 40.
496 2091 782 2169 Quemadmodum
812 2090 905 2156 fictor
936 2091 1015 2157 artis
1042 2092 1165 2173 peritus
1187 2111 1295 2159 ceram
1317 2095 1374 2160 aut
1396 2113 1450 2160 ar-

283 2196 392 2278 gillam
413 2197 608 2276 deformat,
630 2198 665 2260 ut
685 2195 802 2261 faciem
813 2199 847 2262 et
855 2196 963 2262 vultus
974 2199 1125 2278 sumant,
1146 2196 1194 2263 ita
1214 2199 1270 2279 tu,
1292 2198 1455 2280 cornute,

283 2302 452 2385 disciplina
482 2306 541 2367 tua
570 2319 761 2383 perversum
791 2301 856 2365 mei
887 2300 988 2367 animi
1018 2303 1141 2366 statum
1172 2301 1338 2367 correxisti
1364 2302 1452 2368 etin

282 2407 406 2472 bonum
426 2406 679 2473 transformasti.

322 2513 375 2578 Vs.
407 2512 447 2577 45
474 2532 544 2595 sqq.
585 2514 706 2578 Parcas
738 2509 838 2577 etiarn
865 2509 970 2576 fatum
991 2509 1054 2576 dici
1075 2529 1196 2594 easque
1218 2531 1374 2593 praeesse
1394 2513 1456 2579 ho·

282 2617 408 2683 minum
447 2618 533 2683 vitae
560 2617 712 2683 omnibus
742 2618 858 2681 notum
890 2618 948 2681 est.
1000 2614 1062 2681 Hic
1093 2615 1263 2698 singularis
1295 2636 1453 2684 numerus

281 2726 458 2806 usurpatur
490 2742 551 2806 pro
581 2721 699 2805 plurali
728 2721 779 2797 (cf.
800 2720 880 2786 Hor.
911 2719 963 2786 od.
985 2719 1021 2786 ll.
1044 2719 1091 2786 16.
1114 2720 1175 2798 37).
1207 2719 1302 2786 Ovid.
1322 2722 1397 2788 Am.
1418 2723 1455 2789 Il.

280 2830 309 2894 6.
341 2829 404 2908 45),
448 2828 550 2893 Paroa
580 2834 675 2892 tanao
701 2827 766 2892 ocri
786 2826 806 2890 i.
828 2847 855 2891 e.
876 2825 981 2890 fatum
1002 2825 1209 2892 ineluctabile
1230 2826 1299 2892 sive
1319 2826 1453 2893 indecli-
1570 2880 1582 2902 .

281 2933 398 2999 nabilis
428 2952 537 2999 rerum
568 2934 691 3009 series).
723 2931 770 2997 cf.
801 2931 885 2996 Plut
916 2931 970 2995 lib.
995 2930 1020 2995 1.
1054 2931 1094 2996 de
1125 2931 1207 3013 plac
1239 2933 1318 3013 phil.
1346 2952 1371 2998 c.
1394 2933 1454 3000 aa:

284 3043 325 3115 „oi
355 3037 482 3101 Στωικοὶ
511 3037 621 3117 (φασὶν)
654 3034 752 3114 εἱρμὸν
782 3037 890 3111 αἰτιῶν,
922 3035 1064 3097 τουτέστι
1094 3035 1180 3116 τάξιν
1200 3035 1249 3100 καὶ
1271 3034 1454 3099 ἐπισύνδεσιν

281 3141 495 3219 ἀπαράβατον.

320 3248 386 3314 Cic.
409 3247 449 3313 de
471 3245 570 3311 divin.
595 3246 620 3311 1.
642 3244 772 3326 551195:
794 3244 880 3309 Fieri
900 3244 997 3326 igitur
1018 3245 1130 3311 omnia
1151 3245 1241 3327 fato,
1262 3246 1346 3313 ratio
1368 3247 1454 3330 cogit

279 3353 384 3418 fateri.
425 3353 543 3417 Fatum
565 3354 676 3416 autem
698 3351 732 3415 id
754 3351 902 3432 appello,
924 3350 1014 3433 quod
1036 3350 1151 3417 Graeci
1173 3351 1359 3434 εἱμαρμένην,
1381 3353 1402 3417 i.
1424 3372 1452 3418 e.

279 3457 428 3523 ordinem
459 3457 642 3540 seriemque
675 3474 869 3536 causarum,
891 3475 992 3538 quum
1014 3474 1113 3522 causa
1134 3475 1252 3523 causae
1273 3475 1359 3524 nexa
1380 3476 1452 3523 rem

279 3583 374 3628 exse
396 3563 516 3645 gignat.
538 3561 590 3627 Eu
609 3568 654 3626 est
673 3581 711 3626 es
732 3561 818 3625 omui
828 3563 1009 3626 aeternitate
1018 3561 1121 3643 fluens
1130 3563 1245 3627 veritos
1254 3563 1451 3647 sempiterna.

276 3668 372 3748 (Vide
394 3687 467 3750 pag.
490 3667 527 3732 17
548 3667 581 3733 h.
603 3665 710 3746 d)⁵³)

320 3774 405 3839 Voce
426 3773 527 3838 horae
550 3772 603 3837 hic
624 3770 879 3852 intellegendum
900 3773 949 3836 est
969 3769 1078 3852 sidus,
1109 3772 1170 3837 sub
1193 3791 1259 3855 quo
1281 3771 1352 3855 quis
1373 3792 1450 3841 nas·

279 3879 370 3943 citur.
411 3877 559 3943 Eandem
581 3877 678 3960 igitur
698 3875 799 3942 habet
820 3874 1108 3957 significationem,
1130 3894 1231 3958 quam
1249 3877 1451 3962 horoscopus

276 3982 352 4064 (vid.
385 3984 520 4049 Forcell.
541 3984 602 4048 lex.
633 3982 667 4046 in
688 4000 768 4046 voce
787 3980 984 4062 horoscopi).
1025 3979 1097 4046 Hoc
1117 3980 1214 4063 igitur
1234 3981 1366 4048 Persius
1387 3984 1450 4050 sibi

275 4088 358 4153 velle
389 4088 536 4153 videtur:
568 4087 638 4151 sine
670 4085 769 4151 dubio
789 4089 903 4151 nostra
924 4085 1097 4150 ambomm
1118 4085 1189 4152 vita
1211 4086 1309 4169 plane
1331 4087 1449 4154 eadem

276 4196 326 4258 est
348 4198 380 4260 et
401 4193 443 4258 ab
464 4212 531 4258 uno
553 4193 659 4258 sidere
679 4192 820 4274 regitur,
842 4194 875 4256 et
896 4193 986 4257 arcte
1008 4191 1169 4257 coniuncti
1181 4211 1293 4257 sumus
1304 4191 1451 4261 amicitia

275 4301 364 4363 certa
397 4301 429 4364 et
459 4298 668 4382 sempiterna.
709 4299 794 4363 Nam
826 4296 894 4363 sive
924 4296 1030 4362 fatum
1059 4300 1163 4362 sortes
1193 4301 1267 4364 tuas
1298 4298 1331 4362 et
1358 4317 1449 4365 meas

274 4403 442 4486 pensitans
470 4404 542 4486 pari
573 4404 666 4470 lance
697 4421 792 4469 usum
822 4405 881 4483 est,
912 4420 978 4485 quo
1009 4401 1095 4470 facto
1125 4403 1228 4470 vitam
1249 4402 1388 4470 similem
1415 4408 1449 4471 et
