<?xml version="1.0" encoding="UTF-8"?>
<!DOCTYPE html PUBLIC "-//W3C//DTD XHTML 1.0 Transitional//EN"
    "http://www.w3.org/TR/xhtml1/DTD/xhtml1-transitional.dtd">
<html xmlns="http://www.w3.org/1999/xhtml" xml:lang="en" lang="en">
 <head>
  <title>
</title>
<meta http-equiv="Content-Type" content="text/html;charset=utf-8" />
  <meta name='ocr-system' content='tesseract 3.04.00' />
  <meta name='ocr-capabilities' content='ocr_page ocr_carea ocr_par ocr_line ocrx_word'/>
</head>
<body>
  <div class='ocr_page' id='page_1' title='image "./derationestoica00houcgoog_0072.png"; bbox 0 0 3382 5056; ppageno 0'>
   <div class='ocr_carea' id='block_1_1' title="bbox 828 555 963 622">
    <p class='ocr_par' dir='ltr' id='par_1_1' title="bbox 828 555 963 622">
     <span class='ocr_line' id='line_1_1' title="bbox 828 555 963 622; baseline 0.022 -3"><span class='ocrx_word' id='word_1_1' title='bbox 828 555 963 622; x_wconf 82' lang='lat'>53.</span> 
     </span>
    </p>
   </div>
   <div class='ocr_carea' id='block_1_2' title="bbox 262 723 1438 4485">
    <p class='ocr_par' dir='ltr' id='par_1_2' title="bbox 263 723 1435 914">
     <span class='ocr_line' id='line_1_2' title="bbox 263 723 1435 814; baseline -0.007 -18"><span class='ocrx_word' id='word_1_2' title='bbox 263 734 364 810; x_wconf 77' lang='grc' dir='ltr'><em>ἔριδες,</em></span> <span class='ocrx_word' id='word_1_3' title='bbox 387 734 436 796; x_wconf 81' lang='grc' dir='ltr'>καὶ</span> <span class='ocrx_word' id='word_1_4' title='bbox 459 731 498 792; x_wconf 83' lang='grc' dir='ltr'>τὰ</span> <span class='ocrx_word' id='word_1_5' title='bbox 519 736 727 809; x_wconf 73' lang='grc' dir='ltr'><em>παραπλήσια.</em></span> <span class='ocrx_word' id='word_1_6' title='bbox 752 723 818 791; x_wconf 82' lang='grc' dir='ltr'><em>εἶναι</em></span> <span class='ocrx_word' id='word_1_7' title='bbox 840 729 941 795; x_wconf 75' lang='grc' dir='ltr'><em>δὲκαὶ</em></span> <span class='ocrx_word' id='word_1_8' title='bbox 962 730 1121 803; x_wconf 67' lang='grc' dir='ltr'><em>εὐπαθείας</em></span> <span class='ocrx_word' id='word_1_9' title='bbox 1140 731 1210 814; x_wconf 80' lang='grc' dir='ltr'><strong><em>φασὶ</em></strong></span> <span class='ocrx_word' id='word_1_10' title='bbox 1225 740 1313 808; x_wconf 70' lang='grc' dir='ltr'><em>τρεῖς,</em></span> <span class='ocrx_word' id='word_1_11' title='bbox 1326 728 1435 811; x_wconf 70' lang='grc' dir='ltr'><em>χαρὰν,</em></span> 
     </span>
     <span class='ocr_line' id='line_1_3' title="bbox 265 835 713 914; baseline -0.011 -14"><span class='ocrx_word' id='word_1_12' title='bbox 265 838 432 914; x_wconf 74' lang='grc' dir='ltr'><em>εὐλάβειαν,</em></span> <span class='ocrx_word' id='word_1_13' title='bbox 456 835 629 913; x_wconf 77' lang='grc' dir='ltr'><em>βούλησιν”.</em></span> <span class='ocrx_word' id='word_1_14' title='bbox 653 839 713 901; x_wconf 84' lang='lat' dir='ltr'>cet.</span> 
     </span>
    </p>

    <p class='ocr_par' dir='ltr' id='par_1_3' title="bbox 262 940 1438 1652">
     <span class='ocr_line' id='line_1_4' title="bbox 304 940 1437 1025; baseline -0.004 -16"><span class='ocrx_word' id='word_1_15' title='bbox 304 944 368 1009; x_wconf 82' lang='lat' dir='ltr'>Cic.</span> <span class='ocrx_word' id='word_1_16' title='bbox 399 946 478 1008; x_wconf 92' lang='lat' dir='ltr'>tusc.</span> <span class='ocrx_word' id='word_1_17' title='bbox 513 945 638 1025; x_wconf 88' lang='lat' dir='ltr'>quaest.</span> <span class='ocrx_word' id='word_1_18' title='bbox 673 941 723 1006; x_wconf 89' lang='lat' dir='ltr'>IV.</span> <span class='ocrx_word' id='word_1_19' title='bbox 750 941 855 1022; x_wconf 70' lang='lat' dir='ltr'>tolca:</span> <span class='ocrx_word' id='word_1_20' title='bbox 878 940 1163 1019; x_wconf 83' lang='lat' dir='ltr'>Quemadmodum</span> <span class='ocrx_word' id='word_1_21' title='bbox 1184 959 1285 1023; x_wconf 94' lang='lat' dir='ltr'>quum</span> <span class='ocrx_word' id='word_1_22' title='bbox 1306 941 1437 1021; x_wconf 84' lang='lat' dir='ltr'>sanguis</span> 
     </span>
     <span class='ocr_line' id='line_1_5' title="bbox 263 1045 1437 1130; baseline -0.004 -17"><span class='ocrx_word' id='word_1_23' title='bbox 263 1052 433 1130; x_wconf 88' lang='lat' dir='ltr'>corruptus</span> <span class='ocrx_word' id='word_1_24' title='bbox 465 1052 532 1126; x_wconf 91' lang='lat' dir='ltr'>est,</span> <span class='ocrx_word' id='word_1_25' title='bbox 575 1050 631 1111; x_wconf 90' lang='lat' dir='ltr'>aut</span> <span class='ocrx_word' id='word_1_26' title='bbox 662 1045 779 1128; x_wconf 75' lang='lat' dir='ltr'><strong>pituita</strong></span> <span class='ocrx_word' id='word_1_27' title='bbox 809 1045 991 1124; x_wconf 77' lang='lat' dir='ltr'>redundat,</span> <span class='ocrx_word' id='word_1_28' title='bbox 1025 1050 1081 1110; x_wconf 92' lang='lat' dir='ltr'>aut</span> <span class='ocrx_word' id='word_1_29' title='bbox 1113 1045 1206 1126; x_wconf 89' lang='lat' dir='ltr'>bilis,</span> <span class='ocrx_word' id='word_1_30' title='bbox 1237 1046 1271 1109; x_wconf 93' lang='lat' dir='ltr'>in</span> <span class='ocrx_word' id='word_1_31' title='bbox 1303 1063 1437 1127; x_wconf 91' lang='lat' dir='ltr'>corpore</span> 
     </span>
     <span class='ocr_line' id='line_1_6' title="bbox 262 1150 1436 1234; baseline -0.003 -17"><span class='ocrx_word' id='word_1_32' title='bbox 262 1153 368 1218; x_wconf 85' lang='lat' dir='ltr'>morbi</span> <span class='ocrx_word' id='word_1_33' title='bbox 399 1152 704 1234; x_wconf 82' lang='lat' dir='ltr'>aegrotationesque</span> <span class='ocrx_word' id='word_1_34' title='bbox 736 1155 933 1217; x_wconf 87' lang='lat' dir='ltr'>nascuntur:</span> <span class='ocrx_word' id='word_1_35' title='bbox 966 1151 1011 1216; x_wconf 88' lang='lat' dir='ltr'>sic</span> <span class='ocrx_word' id='word_1_36' title='bbox 1047 1170 1225 1233; x_wconf 87' lang='lat' dir='ltr'>pravorum</span> <span class='ocrx_word' id='word_1_37' title='bbox 1245 1150 1436 1234; x_wconf 88' lang='lat' dir='ltr'>opinionum</span> 
     </span>
     <span class='ocr_line' id='line_1_7' title="bbox 263 1254 1438 1338; baseline -0.003 -17"><span class='ocrx_word' id='word_1_38' title='bbox 263 1258 488 1337; x_wconf 81' lang='lat' dir='ltr'>conturbatio,</span> <span class='ocrx_word' id='word_1_39' title='bbox 521 1261 554 1322; x_wconf 91' lang='lat' dir='ltr'>et</span> <span class='ocrx_word' id='word_1_40' title='bbox 582 1257 726 1338; x_wconf 89' lang='lat' dir='ltr'>ipsarum</span> <span class='ocrx_word' id='word_1_41' title='bbox 748 1255 832 1320; x_wconf 90' lang='lat' dir='ltr'>inter</span> <span class='ocrx_word' id='word_1_42' title='bbox 853 1276 888 1321; x_wconf 91' lang='lat' dir='ltr'>se</span> <span class='ocrx_word' id='word_1_43' title='bbox 911 1256 1137 1338; x_wconf 83' lang='lat' dir='ltr'>repugnantia,</span> <span class='ocrx_word' id='word_1_44' title='bbox 1158 1255 1299 1321; x_wconf 88' lang='lat' dir='ltr'>sanitate</span> <span class='ocrx_word' id='word_1_45' title='bbox 1320 1254 1438 1336; x_wconf 89' lang='lat' dir='ltr'>spoliat</span> 
     </span>
     <span class='ocr_line' id='line_1_8' title="bbox 264 1359 1437 1443; baseline -0.003 -14"><span class='ocrx_word' id='word_1_46' title='bbox 264 1363 430 1441; x_wconf 88' lang='lat' dir='ltr'>animum,</span> <span class='ocrx_word' id='word_1_47' title='bbox 469 1362 656 1443; x_wconf 87' lang='lat' dir='ltr'>morbisque</span> <span class='ocrx_word' id='word_1_48' title='bbox 688 1361 868 1443; x_wconf 89' lang='lat' dir='ltr'>perturbat.</span> <span class='ocrx_word' id='word_1_49' title='bbox 899 1397 938 1406; x_wconf 97' lang='lat'><strong>—</strong></span> <span class='ocrx_word' id='word_1_50' title='bbox 970 1361 1059 1427; x_wconf 89' lang='lat' dir='ltr'>Idem</span> <span class='ocrx_word' id='word_1_51' title='bbox 1090 1361 1229 1428; x_wconf 88' lang='lat' dir='ltr'>ibidem:</span> <span class='ocrx_word' id='word_1_52' title='bbox 1266 1359 1337 1424; x_wconf 92' lang='lat' dir='ltr'>Hoc</span> <span class='ocrx_word' id='word_1_53' title='bbox 1366 1359 1437 1425; x_wconf 91' lang='lat' dir='ltr'>loco</span> 
     </span>
     <span class='ocr_line' id='line_1_9' title="bbox 263 1454 1438 1549; baseline -0.001 -18"><span class='ocrx_word' id='word_1_54' title='bbox 263 1467 402 1532; x_wconf 94' lang='lat' dir='ltr'>nimium</span> <span class='ocrx_word' id='word_1_55' title='bbox 434 1486 554 1549; x_wconf 87' lang='lat' dir='ltr'>operae</span> <span class='ocrx_word' id='word_1_56' title='bbox 585 1465 786 1531; x_wconf 91' lang='lat' dir='ltr'>consumitur</span> <span class='ocrx_word' id='word_1_57' title='bbox 818 1485 838 1530; x_wconf 92' lang='lat' dir='ltr'>a</span> <span class='ocrx_word' id='word_1_58' title='bbox 873 1465 1008 1545; x_wconf 86' lang='lat' dir='ltr'>Stoicis,</span> <span class='ocrx_word' id='word_1_59' title='bbox 1031 1454 1173 1532; x_wconf 83' lang='lat' dir='ltr'>maxime</span> <span class='ocrx_word' id='word_1_60' title='bbox 1195 1484 1216 1531; x_wconf 88' lang='lat' dir='ltr'>a</span> <span class='ocrx_word' id='word_1_61' title='bbox 1237 1464 1438 1547; x_wconf 83' lang='lat' dir='ltr'>Chrysippo,</span> 
     </span>
     <span class='ocr_line' id='line_1_10' title="bbox 263 1569 1433 1652; baseline -0.004 -15"><span class='ocrx_word' id='word_1_62' title='bbox 263 1572 342 1638; x_wconf 91' lang='lat' dir='ltr'>dum</span> <span class='ocrx_word' id='word_1_63' title='bbox 361 1573 484 1637; x_wconf 90' lang='lat' dir='ltr'>morbis</span> <span class='ocrx_word' id='word_1_64' title='bbox 496 1590 670 1652; x_wconf 91' lang='lat' dir='ltr'>corporum</span> <span class='ocrx_word' id='word_1_65' title='bbox 692 1573 906 1652; x_wconf 88' lang='lat' dir='ltr'>comparatur</span> <span class='ocrx_word' id='word_1_66' title='bbox 926 1571 1115 1635; x_wconf 92' lang='lat' dir='ltr'>morborum</span> <span class='ocrx_word' id='word_1_67' title='bbox 1134 1570 1235 1636; x_wconf 86' lang='lat' dir='ltr'>animi</span> <span class='ocrx_word' id='word_1_68' title='bbox 1247 1569 1433 1634; x_wconf 86' lang='lat' dir='ltr'>similitudo.</span> 
     </span>
    </p>

    <p class='ocr_par' dir='ltr' id='par_1_4' title="bbox 263 1674 1438 2056">
     <span class='ocr_line' id='line_1_11' title="bbox 302 1674 1432 1759; baseline -0.004 -17"><span class='ocrx_word' id='word_1_69' title='bbox 302 1678 378 1743; x_wconf 82' lang='lat' dir='ltr'>Sen.</span> <span class='ocrx_word' id='word_1_70' title='bbox 400 1698 448 1759; x_wconf 94' lang='lat' dir='ltr'>ep.</span> <span class='ocrx_word' id='word_1_71' title='bbox 469 1676 527 1740; x_wconf 77' lang='lat' dir='ltr'>ar:</span> <span class='ocrx_word' id='word_1_72' title='bbox 563 1678 648 1740; x_wconf 90' lang='lat' dir='ltr'>lnter</span> <span class='ocrx_word' id='word_1_73' title='bbox 669 1675 832 1740; x_wconf 92' lang='lat' dir='ltr'>insaniam</span> <span class='ocrx_word' id='word_1_74' title='bbox 853 1675 1017 1756; x_wconf 87' lang='lat' dir='ltr'>publicam</span> <span class='ocrx_word' id='word_1_75' title='bbox 1039 1679 1071 1739; x_wconf 92' lang='lat' dir='ltr'>et</span> <span class='ocrx_word' id='word_1_76' title='bbox 1093 1675 1187 1753; x_wconf 90' lang='lat' dir='ltr'>hanc,</span> <span class='ocrx_word' id='word_1_77' title='bbox 1209 1674 1432 1758; x_wconf 88' lang='lat' dir='ltr'>quaemedico</span> 
     </span>
     <span class='ocr_line' id='line_1_12' title="bbox 263 1780 1438 1862; baseline -0.002 -15"><span class='ocrx_word' id='word_1_78' title='bbox 263 1783 423 1861; x_wconf 86' lang='lat' dir='ltr'>traditur,</span> <span class='ocrx_word' id='word_1_79' title='bbox 454 1782 533 1846; x_wconf 89' lang='lat' dir='ltr'>nihil</span> <span class='ocrx_word' id='word_1_80' title='bbox 564 1782 721 1860; x_wconf 89' lang='lat' dir='ltr'>interest,</span> <span class='ocrx_word' id='word_1_81' title='bbox 755 1781 816 1844; x_wconf 90' lang='lat' dir='ltr'>nisi</span> <span class='ocrx_word' id='word_1_82' title='bbox 852 1780 940 1862; x_wconf 91' lang='lat' dir='ltr'>quod</span> <span class='ocrx_word' id='word_1_83' title='bbox 972 1781 1053 1847; x_wconf 90' lang='lat' dir='ltr'>haec</span> <span class='ocrx_word' id='word_1_84' title='bbox 1073 1781 1189 1846; x_wconf 91' lang='lat' dir='ltr'>morbo</span> <span class='ocrx_word' id='word_1_85' title='bbox 1207 1781 1355 1860; x_wconf 87' lang='lat' dir='ltr'>laborat,</span> <span class='ocrx_word' id='word_1_86' title='bbox 1383 1780 1438 1845; x_wconf 89' lang='lat' dir='ltr'>illa</span> 
     </span>
     <span class='ocr_line' id='line_1_13' title="bbox 265 1885 1435 1966; baseline 0 -15"><span class='ocrx_word' id='word_1_87' title='bbox 265 1886 472 1966; x_wconf 91' lang='lat' dir='ltr'>opinionibus</span> <span class='ocrx_word' id='word_1_88' title='bbox 504 1885 602 1951; x_wconf 88' lang='lat' dir='ltr'>falsis.</span> <span class='ocrx_word' id='word_1_89' title='bbox 643 1885 756 1949; x_wconf 81' lang='lat' dir='ltr'>Altera</span> <span class='ocrx_word' id='word_1_90' title='bbox 788 1904 886 1950; x_wconf 89' lang='lat' dir='ltr'>causa</span> <span class='ocrx_word' id='word_1_91' title='bbox 917 1885 1035 1950; x_wconf 90' lang='lat' dir='ltr'>suroris</span> <span class='ocrx_word' id='word_1_92' title='bbox 1066 1885 1165 1950; x_wconf 86' lang='lat' dir='ltr'>traxit</span> <span class='ocrx_word' id='word_1_93' title='bbox 1187 1903 1205 1949; x_wconf 92' lang='lat' dir='ltr'>e</span> <span class='ocrx_word' id='word_1_94' title='bbox 1226 1885 1435 1966; x_wconf 89' lang='lat' dir='ltr'>valetudine,</span> 
     </span>
     <span class='ocr_line' id='line_1_14' title="bbox 269 1988 858 2056; baseline -0.01 0"><span class='ocrx_word' id='word_1_95' title='bbox 269 1993 374 2056; x_wconf 90' lang='lat' dir='ltr'>altera</span> <span class='ocrx_word' id='word_1_96' title='bbox 395 1991 496 2056; x_wconf 86' lang='lat' dir='ltr'>animi</span> <span class='ocrx_word' id='word_1_97' title='bbox 518 1991 606 2055; x_wconf 90' lang='lat' dir='ltr'>mala</span> <span class='ocrx_word' id='word_1_98' title='bbox 627 1988 780 2054; x_wconf 89' lang='lat' dir='ltr'>valetudo</span> <span class='ocrx_word' id='word_1_99' title='bbox 802 1993 858 2053; x_wconf 91' lang='lat' dir='ltr'>est.</span> 
     </span>
    </p>

    <p class='ocr_par' dir='ltr' id='par_1_5' title="bbox 265 2093 1438 2699">
     <span class='ocr_line' id='line_1_15' title="bbox 305 2093 1437 2176; baseline -0.002 -15"><span class='ocrx_word' id='word_1_100' title='bbox 305 2095 496 2162; x_wconf 82' lang='lat' dir='ltr'>Cavendum</span> <span class='ocrx_word' id='word_1_101' title='bbox 528 2098 596 2175; x_wconf 90' lang='lat' dir='ltr'>ost,</span> <span class='ocrx_word' id='word_1_102' title='bbox 628 2114 670 2159; x_wconf 89' lang='lat' dir='ltr'>ne</span> <span class='ocrx_word' id='word_1_103' title='bbox 697 2113 770 2158; x_wconf 92' lang='lat' dir='ltr'>sero</span> <span class='ocrx_word' id='word_1_104' title='bbox 791 2095 833 2158; x_wconf 90' lang='lat' dir='ltr'>sit</span> <span class='ocrx_word' id='word_1_105' title='bbox 853 2094 976 2158; x_wconf 90' lang='lat' dir='ltr'>reditus</span> <span class='ocrx_word' id='word_1_106' title='bbox 998 2094 1041 2158; x_wconf 92' lang='lat' dir='ltr'>ad</span> <span class='ocrx_word' id='word_1_107' title='bbox 1062 2095 1225 2160; x_wconf 87' lang='lat' dir='ltr'>virtutem.</span> <span class='ocrx_word' id='word_1_108' title='bbox 1257 2093 1342 2172; x_wconf 86' lang='lat' dir='ltr'>Quid</span> <span class='ocrx_word' id='word_1_109' title='bbox 1361 2113 1437 2176; x_wconf 90' lang='lat' dir='ltr'>pro·</span> 
     </span>
     <span class='ocr_line' id='line_1_16' title="bbox 265 2197 1438 2281; baseline -0.001 -16"><span class='ocrx_word' id='word_1_110' title='bbox 265 2202 385 2265; x_wconf 90' lang='lat' dir='ltr'>derunt</span> <span class='ocrx_word' id='word_1_111' title='bbox 407 2200 644 2278; x_wconf 87' lang='lat' dir='ltr'>medicamina,</span> <span class='ocrx_word' id='word_1_112' title='bbox 666 2218 768 2281; x_wconf 94' lang='lat' dir='ltr'>quum</span> <span class='ocrx_word' id='word_1_113' title='bbox 789 2199 922 2263; x_wconf 92' lang='lat' dir='ltr'>morbus</span> <span class='ocrx_word' id='word_1_114' title='bbox 944 2198 1011 2263; x_wconf 91' lang='lat' dir='ltr'>iam</span> <span class='ocrx_word' id='word_1_115' title='bbox 1032 2198 1217 2264; x_wconf 86' lang='lat' dir='ltr'>mortiferus</span> <span class='ocrx_word' id='word_1_116' title='bbox 1239 2197 1438 2264; x_wconf 79' lang='lat' dir='ltr'>lactuserit?</span> 
     </span>
     <span class='ocr_line' id='line_1_17' title="bbox 265 2301 1437 2385; baseline -0.003 -15"><span class='ocrx_word' id='word_1_117' title='bbox 265 2301 392 2370; x_wconf 83' lang='lat' dir='ltr'>bonum¹</span> <span class='ocrx_word' id='word_1_118' title='bbox 418 2308 487 2379; x_wconf 85' lang='lat' dir='ltr'>est,</span> <span class='ocrx_word' id='word_1_119' title='bbox 518 2305 545 2368; x_wconf 91' lang='lat' dir='ltr'>si</span> <span class='ocrx_word' id='word_1_120' title='bbox 577 2304 717 2369; x_wconf 91' lang='lat' dir='ltr'>curritur</span> <span class='ocrx_word' id='word_1_121' title='bbox 745 2304 788 2368; x_wconf 90' lang='lat' dir='ltr'>ad</span> <span class='ocrx_word' id='word_1_122' title='bbox 809 2303 992 2382; x_wconf 88' lang='lat' dir='ltr'>medicum,</span> <span class='ocrx_word' id='word_1_123' title='bbox 1014 2322 1114 2385; x_wconf 92' lang='lat' dir='ltr'>quum</span> <span class='ocrx_word' id='word_1_124' title='bbox 1135 2302 1270 2367; x_wconf 92' lang='lat' dir='ltr'>morbus</span> <span class='ocrx_word' id='word_1_125' title='bbox 1290 2304 1437 2368; x_wconf 91' lang='lat' dir='ltr'>nondum</span> 
     </span>
     <span class='ocr_line' id='line_1_18' title="bbox 267 2408 1438 2491; baseline -0.001 -17"><span class='ocrx_word' id='word_1_126' title='bbox 267 2411 413 2474; x_wconf 87' lang='lat' dir='ltr'>invaluit.</span> <span class='ocrx_word' id='word_1_127' title='bbox 444 2409 747 2491; x_wconf 89' lang='lat' dir='ltr'>Philosophandum</span> <span class='ocrx_word' id='word_1_128' title='bbox 768 2408 864 2490; x_wconf 85' lang='lat' dir='ltr'>igitur</span> <span class='ocrx_word' id='word_1_129' title='bbox 887 2412 935 2472; x_wconf 89' lang='lat' dir='ltr'>est</span> <span class='ocrx_word' id='word_1_130' title='bbox 957 2412 989 2472; x_wconf 92' lang='lat' dir='ltr'>et</span> <span class='ocrx_word' id='word_1_131' title='bbox 1010 2408 1079 2473; x_wconf 90' lang='lat' dir='ltr'>sine</span> <span class='ocrx_word' id='word_1_132' title='bbox 1101 2426 1204 2473; x_wconf 88' lang='lat' dir='ltr'>mora.</span> <span class='ocrx_word' id='word_1_133' title='bbox 1234 2408 1438 2474; x_wconf 86' lang='lat' dir='ltr'>Adhortatur</span> 
     </span>
     <span class='ocr_line' id='line_1_19' title="bbox 269 2512 1438 2597; baseline -0.002 -18"><span class='ocrx_word' id='word_1_134' title='bbox 269 2534 355 2580; x_wconf 91' lang='lat' dir='ltr'>nunc</span> <span class='ocrx_word' id='word_1_135' title='bbox 375 2518 473 2597; x_wconf 90' lang='lat' dir='ltr'>poeta</span> <span class='ocrx_word' id='word_1_136' title='bbox 495 2516 538 2579; x_wconf 90' lang='lat' dir='ltr'>ad</span> <span class='ocrx_word' id='word_1_137' title='bbox 558 2513 798 2595; x_wconf 89' lang='lat' dir='ltr'>philosophiam</span> <span class='ocrx_word' id='word_1_138' title='bbox 818 2514 1025 2578; x_wconf 86' lang='lat' dir='ltr'>tractandam</span> <span class='ocrx_word' id='word_1_139' title='bbox 1047 2512 1194 2579; x_wconf 88' lang='lat' dir='ltr'>versibus</span> <span class='ocrx_word' id='word_1_140' title='bbox 1211 2512 1251 2576; x_wconf 89' lang='grc'>66</span> <span class='ocrx_word' id='word_1_141' title='bbox 1262 2533 1342 2596; x_wconf 79' lang='lat' dir='ltr'>sqq,</span> <span class='ocrx_word' id='word_1_142' title='bbox 1355 2532 1438 2594; x_wconf 90' lang='lat' dir='ltr'>quos</span> 
     </span>
     <span class='ocr_line' id='line_1_20' title="bbox 273 2617 1339 2699; baseline -0.003 -15"><span class='ocrx_word' id='word_1_143' title='bbox 273 2637 340 2684; x_wconf 91' lang='lat' dir='ltr'>non</span> <span class='ocrx_word' id='word_1_144' title='bbox 362 2620 451 2684; x_wconf 93' lang='lat' dir='ltr'>omni</span> <span class='ocrx_word' id='word_1_145' title='bbox 473 2619 506 2683; x_wconf 95' lang='lat' dir='ltr'>in</span> <span class='ocrx_word' id='word_1_146' title='bbox 527 2638 563 2684; x_wconf 91' lang='lat' dir='ltr'>re</span> <span class='ocrx_word' id='word_1_147' title='bbox 583 2618 740 2683; x_wconf 88' lang='lat' dir='ltr'>dilucidus</span> <span class='ocrx_word' id='word_1_148' title='bbox 762 2637 852 2696; x_wconf 79' lang='lat' dir='ltr'>esse,</span> <span class='ocrx_word' id='word_1_149' title='bbox 875 2617 1089 2683; x_wconf 86' lang='lat' dir='ltr'>Casaubonus</span> <span class='ocrx_word' id='word_1_150' title='bbox 1110 2617 1176 2682; x_wconf 92' lang='lat' dir='ltr'>iam</span> <span class='ocrx_word' id='word_1_151' title='bbox 1198 2619 1339 2699; x_wconf 85' lang='lat' dir='ltr'>agnovit.</span> 
     </span>
    </p>

    <p class='ocr_par' dir='ltr' id='par_1_6' title="bbox 265 2722 1438 4485">
     <span class='ocr_line' id='line_1_21' title="bbox 304 2722 1438 2808; baseline -0.003 -19"><span class='ocrx_word' id='word_1_152' title='bbox 304 2725 501 2808; x_wconf 88' lang='lat' dir='ltr'>Priusquam</span> <span class='ocrx_word' id='word_1_153' title='bbox 530 2728 642 2790; x_wconf 89' lang='lat' dir='ltr'>tamen</span> <span class='ocrx_word' id='word_1_154' title='bbox 670 2723 789 2788; x_wconf 93' lang='lat' dir='ltr'>horum</span> <span class='ocrx_word' id='word_1_155' title='bbox 819 2742 972 2788; x_wconf 89' lang='lat' dir='ltr'>versuum</span> <span class='ocrx_word' id='word_1_156' title='bbox 1000 2722 1051 2798; x_wconf 89' lang='grc'>(66</span> <span class='ocrx_word' id='word_1_157' title='bbox 1069 2722 1152 2805; x_wconf 85' lang='lat' dir='ltr'>sqq.)</span> <span class='ocrx_word' id='word_1_158' title='bbox 1175 2723 1438 2805; x_wconf 83' lang='lat' dir='ltr'>explanationem</span> 
     </span>
     <span class='ocr_line' id='line_1_22' title="bbox 266 2829 1437 2913; baseline -0.005 -17"><span class='ocrx_word' id='word_1_159' title='bbox 266 2831 455 2913; x_wconf 83' lang='lat' dir='ltr'>aggrediar,</span> <span class='ocrx_word' id='word_1_160' title='bbox 487 2831 623 2894; x_wconf 88' lang='lat' dir='ltr'>offeram</span> <span class='ocrx_word' id='word_1_161' title='bbox 651 2829 815 2912; x_wconf 87' lang='lat' dir='ltr'>quaedam</span> <span class='ocrx_word' id='word_1_162' title='bbox 837 2830 1038 2905; x_wconf 87' lang='lat' dir='ltr'>Annaeana,</span> <span class='ocrx_word' id='word_1_163' title='bbox 1060 2847 1200 2910; x_wconf 88' lang='lat' dir='ltr'>quorum</span> <span class='ocrx_word' id='word_1_164' title='bbox 1221 2847 1341 2910; x_wconf 86' lang='lat' dir='ltr'>magna</span> <span class='ocrx_word' id='word_1_165' title='bbox 1361 2846 1437 2909; x_wconf 88' lang='lat' dir='ltr'>pars</span> 
     </span>
     <span class='ocr_line' id='line_1_23' title="bbox 266 2933 1438 3019; baseline -0.004 -19"><span class='ocrx_word' id='word_1_166' title='bbox 266 2935 388 3019; x_wconf 90' lang='lat' dir='ltr'>aliquid</span> <span class='ocrx_word' id='word_1_167' title='bbox 418 2935 564 3000; x_wconf 82' lang='lat' dir='ltr'>conferre</span> <span class='ocrx_word' id='word_1_168' title='bbox 594 2934 723 2998; x_wconf 89' lang='lat' dir='ltr'>videtur</span> <span class='ocrx_word' id='word_1_169' title='bbox 743 2933 786 2998; x_wconf 90' lang='lat' dir='ltr'>ad</span> <span class='ocrx_word' id='word_1_170' title='bbox 807 2936 893 2998; x_wconf 89' lang='lat' dir='ltr'>recte</span> <span class='ocrx_word' id='word_1_171' title='bbox 914 2933 1123 3015; x_wconf 83' lang='lat' dir='ltr'>intelligenda</span> <span class='ocrx_word' id='word_1_172' title='bbox 1143 2952 1200 3013; x_wconf 88' lang='lat' dir='ltr'>ea,</span> <span class='ocrx_word' id='word_1_173' title='bbox 1222 2953 1306 3016; x_wconf 88' lang='lat' dir='ltr'>quae</span> <span class='ocrx_word' id='word_1_174' title='bbox 1327 2935 1438 2997; x_wconf 91' lang='lat' dir='ltr'>mente</span> 
     </span>
     <span class='ocr_line' id='line_1_24' title="bbox 267 3038 1435 3123; baseline -0.006 -17"><span class='ocrx_word' id='word_1_175' title='bbox 267 3041 413 3123; x_wconf 84' lang='lat' dir='ltr'>concepit</span> <span class='ocrx_word' id='word_1_176' title='bbox 444 3045 476 3106; x_wconf 93' lang='lat' dir='ltr'>et</span> <span class='ocrx_word' id='word_1_177' title='bbox 506 3039 620 3105; x_wconf 88' lang='lat' dir='ltr'>litteris</span> <span class='ocrx_word' id='word_1_178' title='bbox 651 3038 822 3103; x_wconf 87' lang='lat' dir='ltr'>mandavit</span> <span class='ocrx_word' id='word_1_179' title='bbox 853 3042 959 3119; x_wconf 90' lang='lat' dir='ltr'>poeta.</span> <span class='ocrx_word' id='word_1_180' title='bbox 992 3039 1095 3104; x_wconf 88' lang='lat' dir='ltr'>Simul</span> <span class='ocrx_word' id='word_1_181' title='bbox 1117 3039 1268 3104; x_wconf 90' lang='lat' dir='ltr'>hocloco</span> <span class='ocrx_word' id='word_1_182' title='bbox 1290 3045 1435 3101; x_wconf 88' lang='lat' dir='ltr'>commo-</span> 
     </span>
     <span class='ocr_line' id='line_1_25' title="bbox 266 3140 1438 3226; baseline -0.007 -15"><span class='ocrx_word' id='word_1_183' title='bbox 266 3145 415 3211; x_wconf 87' lang='lat' dir='ltr'>nefacere</span> <span class='ocrx_word' id='word_1_184' title='bbox 442 3145 537 3210; x_wconf 86' lang='lat' dir='ltr'>velim</span> <span class='ocrx_word' id='word_1_185' title='bbox 566 3145 652 3209; x_wconf 90' lang='lat' dir='ltr'>hanc</span> <span class='ocrx_word' id='word_1_186' title='bbox 672 3148 807 3210; x_wconf 88' lang='lat' dir='ltr'>satiram</span> <span class='ocrx_word' id='word_1_187' title='bbox 829 3143 909 3207; x_wconf 92' lang='lat' dir='ltr'>mihi</span> <span class='ocrx_word' id='word_1_188' title='bbox 931 3143 1085 3226; x_wconf 88' lang='lat' dir='ltr'>scriptam</span> <span class='ocrx_word' id='word_1_189' title='bbox 1106 3143 1210 3207; x_wconf 88' lang='lat' dir='ltr'>videri</span> <span class='ocrx_word' id='word_1_190' title='bbox 1231 3142 1264 3207; x_wconf 92' lang='lat' dir='ltr'>in</span> <span class='ocrx_word' id='word_1_191' title='bbox 1286 3160 1360 3219; x_wconf 77' lang='lat' dir='ltr'>eoS,</span> <span class='ocrx_word' id='word_1_192' title='bbox 1382 3140 1438 3222; x_wconf 93' lang='lat' dir='ltr'>qui</span> 
     </span>
     <span class='ocr_line' id='line_1_26' title="bbox 265 3247 1438 3333; baseline -0.004 -18"><span class='ocrx_word' id='word_1_193' title='bbox 265 3252 371 3316; x_wconf 91' lang='lat' dir='ltr'>obiter</span> <span class='ocrx_word' id='word_1_194' title='bbox 390 3250 660 3333; x_wconf 91' lang='lat' dir='ltr'>philosophentur</span> <span class='ocrx_word' id='word_1_195' title='bbox 680 3249 755 3323; x_wconf 82' lang='lat' dir='ltr'>(vid.</span> <span class='ocrx_word' id='word_1_196' title='bbox 776 3268 850 3332; x_wconf 86' lang='lat' dir='ltr'>pag.</span> <span class='ocrx_word' id='word_1_197' title='bbox 863 3249 902 3314; x_wconf 82' lang='lat'>39</span> <span class='ocrx_word' id='word_1_198' title='bbox 914 3249 946 3314; x_wconf 93' lang='lat' dir='ltr'>h.</span> <span class='ocrx_word' id='word_1_199' title='bbox 959 3249 1013 3328; x_wconf 82' lang='lat' dir='ltr'>d).</span> <span class='ocrx_word' id='word_1_200' title='bbox 1035 3249 1070 3313; x_wconf 91' lang='lat' dir='ltr'>ln</span> <span class='ocrx_word' id='word_1_201' title='bbox 1082 3250 1186 3313; x_wconf 91' lang='lat' dir='ltr'>totam</span> <span class='ocrx_word' id='word_1_202' title='bbox 1197 3247 1438 3330; x_wconf 89' lang='lat' dir='ltr'>philosophiam</span> 
     </span>
     <span class='ocr_line' id='line_1_27' title="bbox 266 3350 1438 3439; baseline -0.007 -17"><span class='ocrx_word' id='word_1_203' title='bbox 266 3377 367 3439; x_wconf 95' lang='lat' dir='ltr'>quum</span> <span class='ocrx_word' id='word_1_204' title='bbox 382 3356 625 3437; x_wconf 89' lang='lat' dir='ltr'>paraeneticam</span> <span class='ocrx_word' id='word_1_205' title='bbox 635 3358 706 3419; x_wconf 92' lang='lat' dir='ltr'>tum</span> <span class='ocrx_word' id='word_1_206' title='bbox 719 3353 936 3435; x_wconf 85' lang='lat' dir='ltr'>dogmaticam</span> <span class='ocrx_word' id='word_1_207' title='bbox 949 3353 1204 3418; x_wconf 87' lang='lat' dir='ltr'>incumbendum</span> <span class='ocrx_word' id='word_1_208' title='bbox 1216 3355 1274 3432; x_wconf 93' lang='lat' dir='ltr'>est,</span> <span class='ocrx_word' id='word_1_209' title='bbox 1295 3371 1370 3418; x_wconf 91' lang='lat' dir='ltr'>nam</span> <span class='ocrx_word' id='word_1_210' title='bbox 1388 3350 1438 3429; x_wconf 92' lang='lat' dir='ltr'>,in</span> 
     </span>
     <span class='ocr_line' id='line_1_28' title="bbox 265 3455 1438 3542; baseline -0.007 -15"><span class='ocrx_word' id='word_1_211' title='bbox 265 3462 328 3527; x_wconf 92' lang='lat' dir='ltr'>hac</span> <span class='ocrx_word' id='word_1_212' title='bbox 346 3480 476 3527; x_wconf 91' lang='lat' dir='ltr'>morum</span> <span class='ocrx_word' id='word_1_213' title='bbox 496 3460 719 3542; x_wconf 90' lang='lat' dir='ltr'>perversitate,</span> <span class='ocrx_word' id='word_1_214' title='bbox 742 3458 947 3523; x_wconf 89' lang='lat' dir='ltr'>desideratur</span> <span class='ocrx_word' id='word_1_215' title='bbox 965 3460 1059 3523; x_wconf 90' lang='lat' dir='ltr'>solito</span> <span class='ocrx_word' id='word_1_216' title='bbox 1071 3459 1295 3523; x_wconf 90' lang='lat' dir='ltr'>vehementius</span> <span class='ocrx_word' id='word_1_217' title='bbox 1306 3455 1438 3538; x_wconf 89' lang='lat' dir='ltr'>aliquid,</span> 
     </span>
     <span class='ocr_line' id='line_1_29' title="bbox 276 3563 1438 3650; baseline -0.006 -18"><span class='ocrx_word' id='word_1_218' title='bbox 276 3568 364 3650; x_wconf 91' lang='lat' dir='ltr'>quod</span> <span class='ocrx_word' id='word_1_219' title='bbox 385 3567 471 3630; x_wconf 91' lang='lat' dir='ltr'>mala</span> <span class='ocrx_word' id='word_1_220' title='bbox 492 3565 675 3629; x_wconf 89' lang='lat' dir='ltr'>inveterata</span> <span class='ocrx_word' id='word_1_221' title='bbox 696 3563 868 3628; x_wconf 85' lang='lat' dir='ltr'>discutiat:</span> <span class='ocrx_word' id='word_1_222' title='bbox 898 3563 1034 3628; x_wconf 90' lang='lat' dir='ltr'>decretis</span> <span class='ocrx_word' id='word_1_223' title='bbox 1056 3563 1219 3646; x_wconf 83' lang='lat' dir='ltr'>agendum</span> <span class='ocrx_word' id='word_1_224' title='bbox 1243 3566 1311 3642; x_wconf 91' lang='lat' dir='ltr'>est,</span> <span class='ocrx_word' id='word_1_225' title='bbox 1333 3565 1367 3626; x_wconf 94' lang='lat' dir='ltr'>ut</span> <span class='ocrx_word' id='word_1_226' title='bbox 1388 3580 1438 3625; x_wconf 89' lang='lat' dir='ltr'>re·</span> 
     </span>
     <span class='ocr_line' id='line_1_30' title="bbox 266 3665 1437 3753; baseline -0.006 -18"><span class='ocrx_word' id='word_1_227' title='bbox 266 3673 405 3737; x_wconf 85' lang='lat' dir='ltr'>vellatur</span> <span class='ocrx_word' id='word_1_228' title='bbox 423 3670 553 3753; x_wconf 90' lang='lat' dir='ltr'>penitus</span> <span class='ocrx_word' id='word_1_229' title='bbox 574 3668 730 3734; x_wconf 90' lang='lat' dir='ltr'>falsorum</span> <span class='ocrx_word' id='word_1_230' title='bbox 742 3670 873 3750; x_wconf 84' lang='lat' dir='ltr'>recepta</span> <span class='ocrx_word' id='word_1_231' title='bbox 885 3669 1053 3751; x_wconf 90' lang='lat' dir='ltr'>persuasio</span> <span class='ocrx_word' id='word_1_232' title='bbox 1086 3669 1144 3733; x_wconf 89' lang='lat' dir='ltr'>His</span> <span class='ocrx_word' id='word_1_233' title='bbox 1156 3669 1183 3733; x_wconf 91' lang='lat' dir='ltr'>si</span> <span class='ocrx_word' id='word_1_234' title='bbox 1194 3665 1437 3732; x_wconf 82' lang='lat' dir='ltr'>adiunxerimus</span> 
     </span>
     <span class='ocr_line' id='line_1_31' title="bbox 266 3773 1438 3858; baseline -0.004 -17"><span class='ocrx_word' id='word_1_235' title='bbox 266 3779 460 3858; x_wconf 88' lang='lat' dir='ltr'>praecepta,</span> <span class='ocrx_word' id='word_1_236' title='bbox 489 3773 745 3852; x_wconf 78' lang='lat' dir='ltr'>consolationeS,</span> <span class='ocrx_word' id='word_1_237' title='bbox 767 3773 1031 3853; x_wconf 90' lang='lat' dir='ltr'>adhortationes,</span> <span class='ocrx_word' id='word_1_238' title='bbox 1053 3777 1207 3854; x_wconf 90' lang='lat' dir='ltr'>poterunt</span> <span class='ocrx_word' id='word_1_239' title='bbox 1227 3773 1357 3852; x_wconf 87' lang='lat' dir='ltr'>valere,</span> <span class='ocrx_word' id='word_1_240' title='bbox 1378 3791 1438 3853; x_wconf 92' lang='lat' dir='ltr'>per</span> 
     </span>
     <span class='ocr_line' id='line_1_32' title="bbox 266 3877 1437 3959; baseline -0.004 -15"><span class='ocrx_word' id='word_1_241' title='bbox 266 3901 301 3944; x_wconf 90' lang='lat' dir='ltr'>se</span> <span class='ocrx_word' id='word_1_242' title='bbox 332 3879 514 3945; x_wconf 86' lang='lat' dir='ltr'>inefficaces</span> <span class='ocrx_word' id='word_1_243' title='bbox 544 3881 629 3944; x_wconf 92' lang='lat' dir='ltr'>sunt.</span> <span class='ocrx_word' id='word_1_244' title='bbox 662 3877 697 3942; x_wconf 84' lang='lat' dir='ltr'>si</span> <span class='ocrx_word' id='word_1_245' title='bbox 729 3878 880 3942; x_wconf 92' lang='lat' dir='ltr'>nolumus</span> <span class='ocrx_word' id='word_1_246' title='bbox 911 3879 1035 3943; x_wconf 88' lang='lat' dir='ltr'>habere</span> <span class='ocrx_word' id='word_1_247' title='bbox 1059 3877 1237 3959; x_wconf 80' lang='lat' dir='ltr'>obligatos,</span> <span class='ocrx_word' id='word_1_248' title='bbox 1269 3880 1301 3940; x_wconf 88' lang='lat' dir='ltr'>et</span> <span class='ocrx_word' id='word_1_249' title='bbox 1324 3877 1437 3955; x_wconf 91' lang='lat' dir='ltr'>malis,</span> 
     </span>
     <span class='ocr_line' id='line_1_33' title="bbox 267 3980 1438 4068; baseline -0.003 -19"><span class='ocrx_word' id='word_1_250' title='bbox 267 3985 384 4068; x_wconf 93' lang='lat' dir='ltr'>quibus</span> <span class='ocrx_word' id='word_1_251' title='bbox 414 3987 479 4048; x_wconf 93' lang='lat' dir='ltr'>iam</span> <span class='ocrx_word' id='word_1_252' title='bbox 511 3986 684 4062; x_wconf 87' lang='lat' dir='ltr'>tenentur,</span> <span class='ocrx_word' id='word_1_253' title='bbox 724 3983 884 4063; x_wconf 90' lang='lat' dir='ltr'>avellere,</span> <span class='ocrx_word' id='word_1_254' title='bbox 916 3982 1042 4047; x_wconf 88' lang='lat' dir='ltr'>discant</span> <span class='ocrx_word' id='word_1_255' title='bbox 1073 3980 1165 4065; x_wconf 81' lang='lat' dir='ltr'>quid&#39;</span> <span class='ocrx_word' id='word_1_256' title='bbox 1182 3982 1326 4051; x_wconf 76' lang='lat' dir='ltr'>malum.</span> <span class='ocrx_word' id='word_1_257' title='bbox 1359 3981 1438 4063; x_wconf 90' lang='lat' dir='ltr'>quid</span> 
     </span>
     <span class='ocr_line' id='line_1_34' title="bbox 267 4087 1437 4168; baseline -0.003 -14"><span class='ocrx_word' id='word_1_258' title='bbox 267 4090 390 4154; x_wconf 93' lang='lat' dir='ltr'>bonum</span> <span class='ocrx_word' id='word_1_259' title='bbox 422 4089 482 4155; x_wconf 84' lang='lat' dir='ltr'>sit:</span> <span class='ocrx_word' id='word_1_260' title='bbox 503 4089 624 4168; x_wconf 91' lang='lat' dir='ltr'>sciant,</span> <span class='ocrx_word' id='word_1_261' title='bbox 647 4087 777 4166; x_wconf 91' lang='lat' dir='ltr'>omnia,</span> <span class='ocrx_word' id='word_1_262' title='bbox 799 4091 930 4168; x_wconf 87' lang='lat' dir='ltr'>praeter</span> <span class='ocrx_word' id='word_1_263' title='bbox 950 4087 1125 4166; x_wconf 91' lang='lat' dir='ltr'>virtutem,</span> <span class='ocrx_word' id='word_1_264' title='bbox 1148 4090 1275 4151; x_wconf 91' lang='lat' dir='ltr'>mutare</span> <span class='ocrx_word' id='word_1_265' title='bbox 1296 4105 1437 4166; x_wconf 90' lang='lat' dir='ltr'>nomen,</span> 
     </span>
     <span class='ocr_line' id='line_1_35' title="bbox 267 4191 1437 4275; baseline -0.002 -17"><span class='ocrx_word' id='word_1_266' title='bbox 267 4195 365 4260; x_wconf 91' lang='lat' dir='ltr'>modo</span> <span class='ocrx_word' id='word_1_267' title='bbox 386 4194 474 4259; x_wconf 90' lang='lat' dir='ltr'>mala</span> <span class='ocrx_word' id='word_1_268' title='bbox 494 4193 586 4271; x_wconf 89' lang='lat' dir='ltr'>fieri,</span> <span class='ocrx_word' id='word_1_269' title='bbox 607 4193 705 4257; x_wconf 93' lang='lat' dir='ltr'>modo</span> <span class='ocrx_word' id='word_1_270' title='bbox 726 4193 823 4256; x_wconf 90' lang='lat' dir='ltr'>bona.</span> <span class='ocrx_word' id='word_1_271' title='bbox 848 4192 1132 4270; x_wconf 87' lang='lat' dir='ltr'>Quemadmodum</span> <span class='ocrx_word' id='word_1_272' title='bbox 1150 4191 1292 4275; x_wconf 92' lang='lat' dir='ltr'>primum</span> <span class='ocrx_word' id='word_1_273' title='bbox 1303 4191 1437 4256; x_wconf 89' lang='lat' dir='ltr'>militiae</span> 
     </span>
     <span class='ocr_line' id='line_1_36' title="bbox 267 4295 1436 4378; baseline -0.002 -16"><span class='ocrx_word' id='word_1_274' title='bbox 267 4298 431 4364; x_wconf 85' lang='lat' dir='ltr'>vinculum</span> <span class='ocrx_word' id='word_1_275' title='bbox 464 4302 513 4363; x_wconf 92' lang='lat' dir='ltr'>est</span> <span class='ocrx_word' id='word_1_276' title='bbox 542 4297 671 4378; x_wconf 79' lang='lat' dir='ltr'>religio,</span> <span class='ocrx_word' id='word_1_277' title='bbox 702 4300 733 4360; x_wconf 89' lang='lat' dir='ltr'>et</span> <span class='ocrx_word' id='word_1_278' title='bbox 754 4297 921 4378; x_wconf 85' lang='lat' dir='ltr'>signorum</span> <span class='ocrx_word' id='word_1_279' title='bbox 944 4315 1057 4377; x_wconf 89' lang='lat' dir='ltr'>amor,</span> <span class='ocrx_word' id='word_1_280' title='bbox 1073 4299 1111 4364; x_wconf 81' lang='lat' dir='ltr'>¹et</span> <span class='ocrx_word' id='word_1_281' title='bbox 1133 4297 1305 4362; x_wconf 90' lang='lat' dir='ltr'>deserendi</span> <span class='ocrx_word' id='word_1_282' title='bbox 1325 4295 1436 4362; x_wconf 84' lang='lat' dir='ltr'>netas:</span> 
     </span>
     <span class='ocr_line' id='line_1_37' title="bbox 268 4401 1437 4485; baseline -0.002 -18"><span class='ocrx_word' id='word_1_283' title='bbox 268 4407 345 4469; x_wconf 92' lang='lat' dir='ltr'>tunc</span> <span class='ocrx_word' id='word_1_284' title='bbox 376 4402 495 4469; x_wconf 87' lang='lat' dir='ltr'>deinde</span> <span class='ocrx_word' id='word_1_285' title='bbox 526 4402 619 4468; x_wconf 86' lang='lat' dir='ltr'>facile</span> <span class='ocrx_word' id='word_1_286' title='bbox 649 4404 757 4467; x_wconf 91' lang='lat' dir='ltr'>cetera</span> <span class='ocrx_word' id='word_1_287' title='bbox 778 4402 950 4484; x_wconf 82' lang='lat' dir='ltr'>exiguntur</span> <span class='ocrx_word' id='word_1_288' title='bbox 971 4403 1236 4485; x_wconf 89' lang='lat' dir='ltr'>mandanturque</span> <span class='ocrx_word' id='word_1_289' title='bbox 1255 4402 1305 4467; x_wconf 90' lang='lat' dir='ltr'>ius</span> <span class='ocrx_word' id='word_1_290' title='bbox 1325 4401 1437 4466; x_wconf 88' lang='lat' dir='ltr'>iuran-</span> 
     </span>
    </p>
   </div>
   <div class='ocr_carea' id='block_1_3' title="bbox 0 0 1699 5056">
    <p class='ocr_par' dir='ltr' id='par_1_7' title="bbox 0 0 1699 5056">
     <span class='ocr_line' id='line_1_38' title="bbox 0 0 1699 5056; baseline 0 0"><span class='ocrx_word' id='word_1_291' title='bbox 0 0 1699 5056; x_wconf 95' lang='lat' dir='ltr'> </span> 
     </span>
    </p>
   </div>
  </div>
 </body>
</html>
