3382 5056
805 527 846 592 m

230 722 352 788 paucos
383 707 543 785 servitus,
574 708 683 789 plures
714 704 904 771 servitutem
936 709 1057 771 tenent.
1100 706 1166 771 Sed
1193 706 1220 770 si
1242 707 1406 789 deponere

230 810 320 876 illam
341 811 375 875 iu
397 811 506 876 animo
529 813 598 892 est,
619 814 651 877 et
671 811 804 876 libertas
823 811 913 889 bona
933 810 998 877 fide
1016 811 1156 894 placuit:
1178 811 1284 877 inhoc
1296 814 1406 877 autem

229 934 333 981 unum
355 915 603 981 advocationem
624 915 727 998 petis,
748 917 785 980 ut
805 915 876 981 sine
886 919 1047 998 perpetua
1066 917 1280 982 sollicitudine
1297 916 1332 981 id
1347 915 1407 981 tibi

229 1021 337 1087 tacere
368 1021 554 1103 contingat:
587 1021 701 1104 quidni
731 1025 764 1086 te
792 1024 864 1086 tota
885 1021 999 1087 cohors
1021 1021 1209 1087 Stoicorum·
1226 1022 1407 1104 probatura

231 1127 298 1192 sit?
329 1125 451 1192 Omnes
481 1127 628 1193 Zenones
656 1130 690 1191 et
711 1125 884 1208 Chrysippi
905 1128 1096 1208 moderata,
1129 1131 1162 1192 et
1183 1127 1341 1206 honesta,
1358 1129 1408 1190 -et

229 1251 309 1298 vera
340 1232 533 1298 suadebunt.
576 1230 641 1297 Sed
663 1231 690 1296 si
711 1234 845 1315 propter
865 1233 927 1297 hoc
948 1232 1189 1313 tergiversaris,
1211 1236 1248 1298 ut
1269 1231 1406 1298 circum·

229 1337 365 1419 spicios,
387 1339 548 1420 quantum
569 1336 792 1406 serastecum‚
815 1338 848 1400 et
868 1356 968 1419 quam
980 1354 1104 1416 magna
1114 1337 1253 1418 pecunia
1264 1337 1407 1403 instruas

229 1442 353 1508 otium.-
373 1460 554 1524 numquam
575 1440 698 1506 exitum
719 1440 875 1506 invenies.
905 1443 1009 1507 Nemo
1032 1461 1105 1507 cum
1126 1442 1261 1508 sarcinis
1284 1444 1406 1507 enatat.

229 1547 366 1628 Emerge
388 1546 431 1611 ad
451 1545 619 1610 meliorem
639 1545 762 1624 vitani,
783 1546 930 1628 propitiis
952 1546 1033 1625 diis;
1069 1547 1128 1612 sed
1149 1565 1216 1612 non
1237 1547 1302 1627 sic,
1325 1566 1407 1630 quo·

225 1651 328 1716 modo
359 1652 427 1717 istis
455 1650 587 1734 propitii
607 1653 703 1728 sunt,
736 1650 854 1733 quibus
874 1653 961 1717 bono
983 1670 1022 1716 ac
1041 1653 1183 1732 benigno
1205 1654 1297 1717 vultu
1317 1652 1406 1718 mata

228 1757 403 1838 magnifica
423 1757 628 1822 tribuerunt:
648 1755 712 1820 hoc
732 1775 799 1821 uno
822 1757 986 1834 excusati,
1008 1758 1097 1839 quod
1118 1757 1181 1822 ista
1194 1775 1280 1840 quae
1291 1760 1406 1837 urunt,

230 1881 316 1945 quae
339 1861 544 1939 excruciant,
566 1859 754 1942 optantibus
776 1859 856 1925 data
876 1864 959 1925 sunt.
983 1862 1052 1926 lam
1074 1860 1304 1943 imprimebam
1322 1860 1406 1942 epis-

230 1968 318 2033 tolae
339 1967 487 2049 signum:
518 1965 712 2030 resolvenda
733 1966 802 2043 est,
831 1967 867 2030 ut
889 1985 962 2030 cum
983 1966 1131 2030 sollemni
1152 1966 1196 2032 ad
1215 1969 1249 2032 te
1269 1985 1406 2031 munus·

232 2073 304 2138 culo
333 2071 463 2149 veniat,
496 2073 529 2135 et
560 2069 703 2152 aliquam
734 2070 941 2150 magnificam
972 2090 1086 2136 vocem
1107 2091 1216 2136 secum
1238 2072 1341 2149 ferat3
1373 2075 1406 2136 et

232 2196 306 2243 ecoe
326 2176 465 2242 occurrit
484 2175 565 2240 mihi
585 2175 693 2239 nescio
714 2178 824 2239 utrum
845 2175 970 2248 verior,
994 2176 1259 2259 aneloquentior.
1281 2175 1404 2242 Cuius?

231 2283 348 2366 inquis.
368 2280 517 2364 Epicuri3
539 2279 646 2345 adhuc
667 2279 754 2344 enim
776 2280 1200 2347 alienassarcinasadorno.
1221 2282 1325 2347 Nemo
1336 2299 1404 2346 non

228 2386 276 2453 ita
305 2386 371 2452 exit
399 2406 417 2451 e
437 2385 524 2464 vita,
555 2386 725 2466 tamquam
746 2385 845 2449 modo
866 2384 1045 2450 intraverit.
1087 2386 1333 2467 Quemcumque
1356 2385 1404 2449 vis

230 2510 372 2574 occupa,
396 2490 655 2564 adolescentem,
686 2506 819 2569 senem,
840 2489 1005 2555 medium:
1026 2490 1173 2555 invenies
1195 2509 1300 2573 aeque
1323 2490 1404 2555 timi·

232 2597 310 2662 dum
332 2596 466 2676 mortis,
488 2612 592 2676 aeque
614 2592 751 2659 inscium
763 2594 869 2671 vitae;
890 2614 988 2660 nemo
1009 2595 1190 2678 quidquam
1200 2594 1301 2661 habet
1311 2595 1403 2674 facti3

228 2703 265 2767 iu
291 2702 447 2783 futurum
479 2699 566 2764 enim
596 2704 706 2763 nostra
736 2698 926 2763 distulimus.
968 2698 1055 2764 Nihil
1084 2719 1137 2765 me
1163 2700 1267 2782 magis
1287 2701 1322 2766 in
1342 2701 1405 2768 iste

229 2827 310 2873 voce
330 2807 488 2884 delectat,
510 2823 610 2886 quam
631 2803 720 2887 quod
740 2803 947 2885 conprobatur
966 2804 1090 2869 senibus
1109 2806 1263 2884 infantia.
1284 2805 1405 2888 Nemo,

231 2912 353 2995 inquit,
374 2911 483 2990 aliter,
511 2927 611 2992 quarn
632 2908 798 2991 quomodo
819 2911 916 2973 natus
938 2912 1006 2985 est,
1039 2909 1105 2974 exit
1125 2929 1143 2973 e
1163 2909 1241 2974 vita.
1273 2909 1406 2976 Falsum

232 3023 295 3098 cet,
323 3019 444 3103 peiores
473 3015 648 3092 morimur,
680 3033 775 3098 quam
812 3015 984 3078 nascimur.
1028 3014 1181 3079 Nostrum
1211 3014 1312 3095 illud,
1343 3036 1407 3080 aon
1449 3084 1454 3094 ,

229 3129 364 3189 naturae
393 3121 502 3185 citium
533 3123 577 3185 cst
587 3141 599 3197 ;
630 3117 685 3183 illa
716 3118 757 3182 de
778 3117 873 3182 nobis
895 3117 1049 3201 conqueri
1069 3118 1188 3200 debet,
1219 3121 1252 3184 et
1280 3118 1406 3185 dicere:

233 3227 319 3307 Quid
349 3226 411 3291 hoc
442 3226 516 3290 est?
547 3223 618 3288 sine
649 3221 879 3303 cupiditatibus
899 3241 958 3287 vos
978 3222 1094 3303 genui,
1126 3223 1196 3288 sine
1218 3223 1408 3303 timoribus,

233 3333 302 3398 sine
324 3329 572 3413 superstitione,
594 3327 665 3392 sine
685 3327 843 3410 pertidia,
865 3327 1044 3410 ceterisque
1065 3329 1210 3409 pestibus
1226 3328 1336 3408 (cive.
1349 3329 1407 3393 lar

231 3436 396 3502 adfinem
416 3453 519 3516 usque
543 3433 575 3497 h.
596 3431 656 3512 s.);
677 3432 790 3514 quales
810 3431 974 3512 intrastis,
996 3432 1090 3497 exite.
1111 3431 1261 3514 Percepit
1281 3432 1407 3515 sapien-

230 3542 330 3621 tiam,
352 3540 379 3605 si
399 3540 476 3622 quis·
492 3541 561 3604 tam
583 3555 715 3602 securus
736 3537 893 3616 moritur,
915 3556 1016 3619 quam
1037 3539 1191 3603 nascitur.
1213 3538 1307 3604 Nunc
1327 3557 1405 3604 vero

230 3647 452 3728 trepidamus,
485 3662 558 3709 cum
579 3642 758 3724 periculum
781 3642 934 3707 accessit:
956 3662 1023 3707 non
1044 3643 1174 3708 animus
1194 3644 1309 3724 nobis,
1339 3663 1406 3708 non

232 3752 320 3817 color
340 3752 486 3816 constat:
506 3747 662 3813 lacrimae
683 3746 763 3812 nihil
784 3746 982 3829 profuturae>
996 3746 1117 3812 cadunt
1163 3747 1249 3825 Quid
1269 3750 1318 3813 est
1338 3751 1405 3812 tur·

231 3855 324 3939 piae,
355 3873 457 3937 quam
488 3853 521 3917 in
542 3852 613 3934 ipso
634 3850 744 3914 limine
766 3851 948 3916 securitatis
971 3870 1042 3916 esse
1063 3851 1261 3917 sollicitum?
1299 3853 1408 3918 Causa

232 3962 343 4026 autem
363 3959 446 4025 haec
467 3961 534 4038 est,
557 3956 645 4038 quod
657 3956 770 4020 inanes
782 3956 927 4021 omnium
939 3957 1102 4021 bonorum
1114 3976 1246 4035 sumne,
1268 3976 1407 4039 quorum

231 4065 267 4130 in
297 4064 363 4129 tine
392 4063 480 4129 vitae
511 4061 671 4127 desiderio
693 4061 889 4125 laboramus.
932 4061 1006 4126 Non
1033 4061 1121 4126 enim
1143 4061 1231 4142 apud
1251 4079 1311 4127 nos
1332 4082 1409 4144 pars

234 4168 303 4234 eius
333 4169 400 4235 ulla
430 4166 594 4242 subsedit;
626 4165 818 4230 transmissa
849 4168 917 4244 est,
951 4169 983 4231 et
1005 4166 1138 4231 etltuxit.
1184 4165 1282 4231 Nemo
1312 4188 1408 4250 quom

232 4273 305 4340 benc
326 4274 425 4352 vivat,
446 4271 501 4337 ced
521 4291 616 4355 quam
637 4269 713 4348 diu,
742 4277 855 4335 curat:
885 4289 959 4336 cum
980 4271 1131 4363 omnibus
1153 4271 1255 4353 possit
1280 4273 1406 4337 contin·

233 4398 328 4462 gese,
348 4381 385 4445 ut
405 4378 489 4444 bene
510 4376 641 4454 vivant3
675 4378 711 4440 ut
732 4375 808 4455 diu,
836 4374 945 4441 nulli'.
977 4376 1116 4455 Statim,
1136 4376 1206 4441 sine
1226 4395 1321 4442 mora
1341 4376 1405 4442 dis·
