3402 5056
817 559 856 623 98

247 733 374 816 quaerit
394 733 559 800 ministros
580 735 678 814 deus;
701 737 839 819 quidni?
859 737 928 820 ipse
949 737 1095 802 humano
1110 736 1220 820 generi
1233 735 1417 801 ministrat:

245 838 368 921 ubique
394 841 427 904 el
457 839 609 904 omnibus
629 845 762 922 praesia
785 843 863 908 esl”.
896 842 961 908 Ciu.
983 843 1024 908 de
1045 845 1111 907 nat.
1134 842 1222 906 deor.
1245 842 1282 907 ll.
1310 840 1422 906 651164

246 942 304 1008 ubi
334 943 455 1010 Balbus
485 944 646 1010 ralionem
676 947 812 1011 stoicam
843 947 1021 1013 defendens
1051 946 1115 1012 aii:
1141 945 1225 1024 „Nec
1245 966 1324 1012 veru
1347 944 1421 1009 uni·

247 1066 342 1114 verso
362 1048 472 1130 generi
484 1044 663 1116 ¹hominum
683 1051 807 1132 solum,
828 1053 886 1117 sed
909 1053 1008 1118 etiarn
1029 1052 1194 1134 singulisa
1212 1051 1273 1116 diis
1285 1050 1420 1114 immor·

249 1152 369 1218 talibus
390 1153 512 1218 consuli
534 1157 566 1220 et
586 1156 749 1237 provideri
771 1157 881 1222 solet'’.

290 1257 401 1323 Iovem
426 1258 585 1340 optimum
614 1263 712 1342 alque
732 1261 944 1327 iuslissimurn
965 1262 1099 1327 indicem
1121 1280 1191 1326 esse
1212 1258 1362 1343 sequitur
1383 1277 1423 1322 ex

254 1361 403 1428 decreto:
425 1363 523 1428 deum
544 1365 739 1448 ubicumque
760 1367 875 1432 adesse
895 1366 948 1445 (cf.
969 1387 1001 1448 p.
1026 1367 1114 1431 1411.
1136 1365 1189 1440 d.).
1218 1363 1297 1441 Quis
1322 1363 1419 1445 igitur

249 1466 366 1532 melius
386 1467 541 1534 iudicium
562 1469 603 1534 de
623 1470 717 1534 nubis
740 1470 847 1536 facere
867 1474 975 1552 polesl
995 1490 1094 1554 quarn
1116 1469 1223 1535 deus?
1256 1468 1324 1546 „eui
1342 1467 1422 1534 nihil

252 1571 376 1637 clusum
409 1577 467 1639 est.
508 1574 645 1640 interest
677 1575 953 1656 animisnostris,
983 1580 1014 1642 et
1036 1573 1283 1656 cogilalionibus
1307 1571 1422 1638 mediis

251 1677 447 1743 intervenit’'
477 1677 564 1754 (San.
587 1699 636 1761 ep.
659 1680 721 1760 83).
763 1679 844 1746 Vide
865 1680 963 1746 etiarn
985 1680 1061 1745 Sen.
1083 1679 1124 1744 de
1146 1681 1273 1761 quaest.
1294 1679 1363 1742 nal.
1385 1675 1421 1741 Il.

251 1783 310 1848 36:
342 1783 498 1865 sapientis
529 1803 659 1867 quoque
690 1785 751 1849 viri
781 1785 978 1852 sententiam
1005 1785 1131 1867 negatis
1162 1803 1258 1867 posse
1291 1780 1422 1847 mutari.

250 1887 381 1968 Quanto
411 1888 514 1970 magis
546 1889 621 1954 dei?
652 1909 726 1954 cunr
754 1890 884 1972 sapiens
916 1891 1022 1970 (deus)
1043 1889 1122 1972 quid
1143 1888 1184 1954 sil
1205 1888 1366 1970 optimum
1387 1885 1421 1950 in

251 1993 438 2077 praesentia
458 1993 558 2075 sciat,
579 1993 663 2059 illlus
684 1995 846 2061 divinitati
868 2014 964 2060 ornue
985 2013 1142 2078 praesens
1164 1993 1214 2058 sil.

291 2101 375 2166 Eum
407 2099 521 2164 bonum
552 2118 590 2164 aa
621 2102 739 2165 iustum
771 2120 841 2166 esse
870 2101 1010 2166 iudicem
1032 2119 1164 2166 neeesse
1187 2101 1255 2180 esi,
1277 2097 1355 2180 quia
1376 2099 1425 2162 est

251 2203 354 2270 virlus
371 2203 442 2286 ipsa
453 2203 521 2270 sive
531 2204 678 2286 perfecta
688 2205 782 2286 teliu,
798 2205 866 2271 sive
878 2225 1042 2271 summurn
1054 2206 1178 2271 bonum
1189 2203 1239 2280 (cf.
1251 2223 1284 2285 p.
1294 2203 1315 2266 4
1325 2201 1357 2267 h.
1369 2201 1423 2283 d.).

291 2309 472 2390 Qualilates
499 2309 567 2374 sive
587 2310 723 2376 virtutes
745 2311 797 2376 dei
818 2311 868 2376 his
889 2311 1037 2376 versibus
1058 2311 1234 2377 Cleanthes
1258 2305 1425 2391 exprimit:

412 2528 447 2589 Ei
470 2525 505 2588 τὸ
526 2523 645 2603 ἀγαθὸν
668 2524 778 2608 έμωτᾴς
800 2523 891 2606 μὀἷον
911 2527 988 2596 ἔστ’,
1012 2529 1097 2592 ἄκουε
1120 2529 1165 2596 δή.

414 2633 620 2710 Τεταγμένον,
643 2635 661 2693 δ
673 2638 681 2692 ἱ
691 2657 710 2696 κ
721 2657 741 2693 οι
752 2657 760 2692 ι
770 2657 784 2693 ο
796 2657 810 2692 ν
823 2677 831 2708 ,
857 2631 944 2708 ὅσιον,
968 2633 1101 2708 εὐσεβές,

414 2741 551 2814 Κμκτοῦν
571 2737 682 2814 ἑαυτοῦ,
706 2740 864 2818 χρήσιμον,
889 2737 993 2814 καλὸν,
1019 2739 1096 2813 δέον,

414 2840 578 2919 Αἶνοτημὸν,
600 2841 800 2919 αὐθέκαστον,
823 2843 874 2904 alal
893 2844 1051 2924 σνμφέμον,

415 2946 564 3028 Ἄφοβον,
587 2947 711 3023 ἄλυτον,
734 2949 901 3022 λυσιτελές,
925 2947 1075 3022 ἀνώδυνον,

416 3054 595 3135 Ὠφέλιμον,
617 3051 783 3128 εὐάρεστον,
807 3050 951 3134 ἀσφαλές,
976 3058 1069 3134 φίλον,

415 3161 573 3236 Ἔντιμον,
596 3157 855 3234 ὁμολογούμενον.
874 3207 879 3218 .
897 3207 902 3218 .
921 3207 926 3218 .

417 3261 557 3339 Euareia,
579 3263 699 3344 ἄτυφον,
721 3259 871 3340 ἐπιμελές,
893 3271 998 3344 τμᾷον,
1021 3263 1158 3344 σφοδρὸν,

413 3369 634 3447 Χμονιζόμενον,
657 3367 832 3445 ἄμεμπτον,
854 3368 905 3430 αἰεὶ
925 3368 1069 3445 διαμένον.

417 3472 626 3548 Ἀνελεύθεμος
646 3479 717 3548 τᾶς,
742 3471 824 3542 ὅστις
845 3473 882 3543 εἲς
901 3474 990 3554 δόξαν
1011 3472 1132 3550 βλέπει,

418 3581 476 3650 Ὡς
496 3578 532 3646 δὴ
552 3578 624 3653 παρ’
645 3574 752 3648 ἐκείνης
772 3578 951 3658 τεοξὰμενος
972 3583 1067 3642 καλοῦ
1089 3580 1173 3650 τινος,

296 3783 340 3850 Τὸ
370 3783 490 3864 ἀγαθὸν
521 3784 589 3850 sive
621 3783 780 3862 „bonum”
812 3781 865 3848 hic
895 3781 983 3848 idem
1008 3803 1047 3850 ae
1068 3784 1148 3850 deus
1170 3785 1237 3865 est,
1268 3783 1345 3866 quia
1374 3782 1427 3850 dei

256 3896 376 3960 natura
406 3892 539 3968 bonitas·
567 3891 624 3954 est.
666 3887 720 3952 Sic
750 3887 876 3953 Seneca
908 3888 961 3965 (de
994 3889 1045 3954 lra
1065 3889 1092 3953 ll
1114 3908 1140 3954 c.
1162 3889 1234 3969 lh:
1256 3888 1426 3966 Quaedam

257 4000 352 4080 sunt,
374 4017 458 4080 quae
479 4014 597 4062 nocere
618 4012 685 4059 nou
705 3996 861 4075 possunt,
883 3993 1071 4076 nullamque
1092 3994 1159 4059 vim
1180 3994 1426 4061 nisibenifieam

257 4107 290 4170 et
310 4104 487 4170 salutarem
508 4102 651 4169 habent:
673 4104 710 4165 ul
730 4099 774 4163 dii
795 4099 1011 4177 immortales3
1033 4099 1088 4182 qui
1108 4101 1426 4184 necrolunlobesse‚

257 4229 318 4276 nee
337 4213 483 4293 possunt.
524 4208 649 4274 Natura
670 4205 731 4270 illis
752 4204 839 4269 milis
861 4224 900 4270 ac
919 4204 1048 4287 placida
1071 4207 1138 4286 est,
1168 4209 1237 4271 tarn
1258 4207 1353 4290 longe
1374 4226 1422 4273 re·

257 4315 349 4383 mota
379 4316 422 4382 ab
443 4314 551 4381 aliena
570 4311 706 4392 iniuria,
728 4329 828 4394 quam
853 4330 873 4377 a
893 4330 963 4376 sua.

296 4421 344 4492 De
375 4421 427 4489 dei
457 4420 579 4487 iustitia
601 4407 719 4484 'scribit
747 4415 859 4483 Cicero
890 4415 945 4496 (de
975 4420 1043 4484 nat.
1077 4417 1305 4500 deur.l.1l):
1337 4418 1425 4485 Zeno
