3382 5056
825 563 865 628 59

297 745 402 822 „Mors
422 745 546 810 malum
566 762 634 810 non
655 746 723 808 est:
745 742 824 826 quid
845 743 1018 825 quereris?
1045 743 1123 809 Sola
1143 744 1192 808 ius
1213 763 1355 826 aequum
1377 747 1427 811 est

252 851 382 933 generis
412 850 568 916 humani’
601 849 693 928 (Son.
726 868 776 930 ep.
810 848 867 912 193
888 847 923 912 in
945 848 1035 929 fine).

298 955 400 1034 „Mors
432 956 517 1020 inter
548 955 604 1020 itta
635 958 703 1035 est,
734 973 820 1037 quae
850 953 938 1018 mata
958 952 1092 1035 quidem
1113 973 1178 1020 non
1200 957 1297 1033 sunt,
1318 957 1430 1020 tamen
1524 1036 1526 1042 ἲ

254 1061 378 1127 habent
398 1060 477 1126 mali
500 1060 651 1141 speciem.
684 1058 741 1124 Sui
763 1078 856 1123 amor
878 1059 936 1140 est,
958 1062 991 1123 et
1003 1058 1219 1142 permanendi
1231 1079 1431 1126 conservan-

255 1165 353 1248 dique
384 1185 419 1230 se
450 1165 547 1230 insita
566 1166 737 1247 voluptas,
761 1167 860 1246 atque
882 1165 1070 1248 aspernatio
1092 1165 1330 1244 dissolutionis;
1351 1165 1430 1249 quia

255 1271 384 1337 videtur
415 1258 517 1335 multa
536 1270 630 1336 nobis
651 1271 738 1335 bona
761 1270 907 1352 eripere,
938 1272 970 1334 ct
1001 1289 1061 1335 nos
1093 1290 1133 1335 ex
1163 1270 1245 1350 hac,
1266 1270 1317 1336 cui
1338 1291 1430 1336 assu·

257 1375 402 1454 eumin,
424 1394 532 1439 rerum
556 1375 649 1457 copia
671 1375 829 1452 educere3
849 1373 905 1439 illa
915 1392 1047 1456 quoque
1057 1393 1110 1439 res
1119 1375 1217 1439 morti
1228 1394 1288 1440 nos
1300 1376 1430 1457 alienat,

257 1480 346 1563 quod
376 1480 458 1545 haec
491 1479 558 1544 iarn
583 1480 757 1557 'novimus;
785 1479 839 1544 illa
860 1479 903 1544 ad
924 1498 1009 1562 quae
1029 1478 1198 1544 transituri
1218 1498 1351 1562 summ,
1372 1501 1430 1546 ne·

257 1585 375 1650 scimus
396 1585 504 1667 qualia
515 1585 589 1665 sint,
612 1588 644 1650 et
653 1585 824 1650 horremus
837 1584 958 1666 ignota.
979 1583 1144 1650 Naturalis
1154 1588 1327 1666 praeterea
1337 1588 1430 1653 tene·

256 1691 391 1755 brarum
426 1692 533 1755 metus
566 1693 635 1771 est,
656 1689 792 1772 inques
815 1689 998 1755 adductura
1019 1709 1108 1755 mors
1130 1689 1283 1756 creditur.
1315 1691 1430 1776 Itaque

258 1793 385 1860 etiamsi
406 1794 594 1860 indifferens
616 1814 722 1876 mors,
744 1814 811 1860 non
841 1798 953 1860 tamen
975 1794 1059 1859 inter
1081 1815 1121 1860 ea
1141 1798 1207 1874 est,
1229 1815 1314 1878 quae
1336 1796 1430 1864 facile

257 1898 375 1980 negligi
396 1898 541 1981 possint:
571 1919 690 1982 magna
712 1899 942 1965 exercitatione
964 1899 1133 1965 durandus
1154 1903 1204 1964 est
1224 1901 1370 1982 animus,
1392 1907 1430 1969 ut

260 2006 469 2085 conspectum
501 2003 569 2069 eius
597 2023 827 2088 accessumque
848 2005 1001 2088 patiatur.
1042 2005 1129 2069 Mors
1151 2007 1314 2071 contemni
1336 2007 1434 2074 debet

260 2109 384 2191 magis,
416 2128 517 2192 quam
548 2111 649 2189 solet;
680 2112 785 2176 multa
806 2111 893 2176 enim
916 2111 956 2176 de
977 2110 1032 2176 illa
1054 2110 1236 2176 credimus:
1257 2113 1434 2178 multorum

261 2213 398 2295 ingeniis
420 2217 580 2280 certatum
601 2218 666 2294 est,
689 2216 732 2281 ad
753 2216 938 2296 augendam
960 2215 1028 2280 eius
1046 2215 1225 2281 infamiam.
1248 2216 1435 2299 Descriptus

262 2323 311 2386 est
333 2339 443 2386 carcer
464 2321 631 2402 internusi
657 2324 690 2387 et
709 2324 869 2404 perpetua
890 2323 985 2386 nocte
1005 2340 1163 2404 oppressa
1182 2321 1291 2403 regio,
1312 2322 1346 2388 in
1367 2342 1434 2406 qua

809 2515 938 2598 „ingens
963 2515 1082 2584 ianitor
1102 2515 1177 2583 Orci

387 2626 470 2691 Ossa
490 2643 589 2706 super
609 2623 770 2688 recubans
790 2625 885 2688 antro
907 2642 1034 2688 semesa
1056 2626 1210 2703 cruento,

383 2730 564 2796 Aeternum
585 2729 709 2793 latrans
730 2747 911 2810 exsangues
932 2731 1034 2793 terret
1053 2729 1103 2794 tot
1124 2729 1288 2794 umbras'’.

302 2934 369 3000 Sed
389 2934 488 2999 etiam
510 2952 582 2998 cum
603 2931 803 3014 persuaseris
824 2932 902 2996 istas
923 2932 1050 2997 fabulas
1072 2951 1152 3011 esse,
1173 2932 1432 3016 necquidquam

263 3037 423 3104 defunctis
453 3057 623 3120 superesse
655 3036 744 3118 quod
775 3036 932 3117 timeant,
962 3037 1050 3118 subit
1070 3036 1153 3102 alius
1174 3040 1289 3102 metus.
1322 3041 1437 3123 Aeque

265 3143 352 3209 enim
382 3143 519 3222 timent,
550 3160 593 3207 ne
614 3141 702 3223 apud
728 3141 848 3234 inferos
869 3141 955 3222 sint,
988 3161 1088 3224 quam
1109 3161 1151 3208 ne
1172 3144 1355 3225 nusquam''
1377 3149 1437 3213 cet.

263 3249 356 3332 (Seu.
378 3270 430 3333 ep.
451 3249 514 3326 82).

307 3463 408 3530 Meton
429 3482 492 3546 quo
512 3462 616 3528 mollis
637 3465 713 3528 cet:
736 3462 770 3527 Si
784 3465 931 3546 praestat
942 3463 1003 3546 legi
1018 3482 1100 3546 „qua
1111 3462 1235 3530 mollis”
1246 3482 1306 3545 pro
1320 3484 1437 3548 „quarn

265 3569 400 3651 mollis”,
421 3572 499 3633 tunc
520 3567 803 3650 interpretandum
824 3570 894 3633 est:
915 3568 1021 3649 disce,
1044 3588 1110 3651 qua
1130 3555 1185 3634 via
1205 3568 1310 3633 mollis
1324 3568 1438 3653 flexus

266 3675 286 3739 i.
308 3695 335 3740 e.
356 3674 429 3755 via,
460 3692 560 3756 quam
581 3675 614 3738 te
645 3673 740 3739 docet
768 3674 973 3757 philosophia
994 3693 1038 3740 sc.
1059 3672 1279 3739 contemnendo
1299 3682 1438 3742 mortem.

267 3779 315 3846 Cf.
341 3778 567 3861 „Philosophia
587 3781 620 3844 te
641 3778 747 3844 munit
768 3783 801 3845 et
823 3778 963 3861 protegit
979 3782 1093 3846 contra
1103 3782 1228 3846 metum
1241 3782 1339 3862 atque
1349 3798 1439 3846 mor·

266 3889 334 3952 tem
354 3884 479 3967 ipsam'’
502 3882 589 3961 (Seu.
612 3903 662 3966 ep.
683 3883 746 3965 82).

307 3991 350 4057 Et
380 3989 473 4055 uode.
514 3989 609 4054 Unde
630 3989 734 4055 mollis
755 3990 859 4055 flexus
880 3993 991 4057 metae
1012 3989 1180 4073 parandus
1201 3989 1261 4070 sit,
1281 3989 1302 4054 i.
1324 4010 1351 4057 θ.
1373 4012 1440 4075 qua

268 4100 338 4163 arte
358 4095 452 4162 facile
473 4094 587 4161 mortis
608 4114 710 4178 genus
732 4096 1013 4179 comparandum?
1044 4115 1072 4161 e.
1094 4115 1122 4178 g.
1153 4094 1319 4178 spiritum,
1341 4115 1439 4179 quem

268 4201 378 4282 ducis,
410 4201 458 4267 ita
488 4201 723 4283 comprimere,
754 4205 791 4266 ut
812 4201 889 4266 inde
910 4201 1080 4280 moriaris;
1111 4200 1288 4282 aperiendo
1319 4220 1438 4279 venas;

267 4308 396 4386 inedia;
418 4306 488 4372 aliis
510 4306 626 4372 modis.

312 4413 390 4496 Quia
409 4411 521 4480 modus
543 4417 680 4500 argento.
726 4411 894 4498 „Optimus
916 4413 1032 4479 modus
1051 4411 1229 4496 pecuniae,
1250 4411 1306 4494 qui
1327 4411 1440 4479 necin

1360 4519 1377 4574 5
