3382 5056
820 503 878 567 100

298 687 346 759 ²²)
367 682 415 749 Gi.
437 681 524 764 Virg.
546 681 628 748 Aen.
648 684 702 747 VI.
725 701 771 748 vs.
794 681 854 746 lul
882 701 973 766 sqq:

295 789 458 872 Principio
481 790 606 854 caelum
628 807 667 853 ae
686 790 809 855 terram
832 808 1031 872 camposque
1052 789 1212 873 liquentes

296 894 539 978 Lucentemque
560 894 694 974 globum
715 894 827 958 Lunae
849 892 1048 977 Titaniaque
1069 896 1159 959 astra

298 998 437 1082 Spiritus
458 1000 545 1064 intus
567 999 642 1079 alit,
663 1001 833 1081 totamque
855 998 963 1064 infusa
983 1018 1043 1081 per
1064 1001 1154 1064 artus

295 1103 387 1169 Mens
410 1104 514 1186 agitat
533 1105 655 1169 molem
676 1107 709 1168 et
730 1121 850 1184 magno
872 1122 907 1167 se
928 1121 1065 1185 corpore
1086 1103 1209 1168 miscet.

296 1209 375 1275 lnde
398 1209 569 1273 hominum
590 1208 820 1290 pecudumque
841 1227 943 1289 genus
964 1208 1117 1292 vitaeque
1138 1208 1308 1275 volantum

296 1315 337 1380 nt
357 1334 443 1397 quae
463 1332 650 1379 marmoreo
674 1313 736 1378 sert
762 1316 910 1378 monstra
930 1313 991 1378 sub
1012 1333 1155 1396 aequore
1175 1316 1304 1396 pontus.

296 1419 411 1500 lgneus
432 1421 481 1483 est
502 1419 572 1484 ollis
593 1418 683 1500 vigor
705 1421 737 1483 et
758 1418 898 1483 caelistis
919 1419 1009 1499 origo

297 1523 502 1604 Seminibus,
524 1527 686 1607 quantum
706 1543 773 1588 non
799 1523 897 1588 noxia
918 1542 1056 1606 corpora
1076 1523 1211 1589 tardant

295 1628 496 1712 Terrenique
517 1630 674 1695 hebetant
695 1632 786 1695 artus
812 1628 1075 1712 moribundaque
1095 1630 1254 1695 membra.
1276 1633 1335 1695 cet.

300 1736 348 1811 33)
370 1733 451 1799 Vide
472 1753 544 1816 pag.
567 1734 616 1799 ll.
805 1742 806 1746 ’

301 1839 352 1916 ²⁴)
371 1838 452 1902 Vide
474 1839 492 1901 l.
515 1838 555 1902 49
577 1858 646 1921 sqq.
669 1857 742 1919 pag.
764 1838 813 1902 36.

298 1947 346 2015 ²⁵)
369 1942 416 2007 Cf.
437 1944 521 2008 Plut.
544 1944 585 2007 de
605 1943 687 2025 plac.
710 1942 806 2006 Stoic-
828 1943 849 2006 l.
869 1943 897 2005 5.
922 1961 939 2006 c
971 1942 1008 2007 l:
1034 1944 1170 2004 Πλάτων
1190 1944 1239 2006 καὶ
1259 1947 1284 2003 οἱ
1304 1944 1431 2012 Στωικοὶ

256 2045 311 2113 τὴν
341 2046 486 2123 μαντικὴν
518 2049 668 2123 εἰσάγουσι
688 2046 769 2110 κατὰ
790 2044 825 2107 τὸ
846 2045 963 2120 ἔνθεον,
986 2043 1057 2125 ὅτε)
1078 2044 1159 2107 ἐστὶν
1179 2045 1427 2112 ἐνθουσιαστικὸν·

256 2151 339 2215 κατὰ
359 2153 501 2223 θειότητα
522 2160 577 2222 τῆς
599 2157 703 2233 ψνχῆς,
727 2149 799 2228 ὅπερ
810 2142 888 2212 εἶτεν
898 2148 1146 2217 ἐνθουσιαστικὸν.
1160 2143 1237 2214 οὗτοι
1247 2151 1287 2214 τὰ
1298 2158 1430 2214 πλεῖστα

257 2258 334 2334 μέρη
354 2265 410 2327 τῆς
429 2265 576 2334 μαντικῆς
596 2254 785 2333 ἑγκρίνονσιν,

301 2367 350 2435 33)
371 2362 452 2426 Vide
472 2363 491 2425 l.
513 2362 535 2425 4
555 2380 626 2444 sqq.
647 2381 720 2443 pag.
742 2360 791 2425 48.

302 2473 350 2544 ²⁷)
372 2467 419 2532 De
441 2466 568 2532 ratione
589 2468 657 2531 sive
679 2466 790 2532 animo
812 2485 830 2530 e
851 2465 950 2531 stellis
973 2466 1128 2547 oriundo,
1150 2467 1169 2531 i.
1191 2487 1219 2531 e.
1238 2487 1277 2532 ex
1299 2467 1431 2534 aethere

260 2591 364 2654 puro,
394 2572 468 2636 vide
499 2572 584 2654 Lips.
617 2572 694 2637 diss.
726 2573 746 2635 8
777 2571 830 2634 lib.
851 2573 898 2630 ΙΙΙ
919 2572 1031 2655 phys,
1062 2571 1119 2637 ubi
1141 2573 1324 2655 complures
1344 2573 1431 2639 locos

258 2677 408 2744 laudatos
430 2677 574 2742 Senecae
596 2679 628 2740 et
650 2675 813 2741 Ciceronis
834 2676 980 2742 invenies

302 2785 352 2862 ²⁸)
375 2781 422 2846 Cf.
443 2781 534 2862 Diog.
557 2782 662 2847 Laert.
683 2781 751 2840 Vll.
776 2781 852 2844 157:
884 2781 958 2859 μέρη
989 2790 1045 2852 τῆς
1065 2788 1159 2863 ψυχῆς
1180 2783 1317 2858 λέγουσιν
1338 2783 1427 2846 ὀκτὼ.

259 2887 316 2957 τὰς
335 2888 425 2948 πέντε
446 2888 610 2958 αἰσθήσεις,
643 2885 692 2949 καὶ
713 2885 781 2957 τοὺς
801 2884 830 2947 ἐν
849 2888 919 2963 ἡμῖν
939 2885 1164 2964 σπερματικοὺς
1185 2890 1304 2964 λόγους,
1326 2888 1375 2952 καὶ
1395 2888 1430 2950 τὸ

258 2994 427 3073 φωνητικον,

300 3100 348 3172 33)
368 3096 449 3162 Vide
469 3096 512 3162 ad
536 3097 567 3176 ⁶)
588 3096 622 3161 in
643 3115 716 3178 pag.
737 3095 757 3159 4
778 3098 811 3160 et
831 3096 875 3160 ad
900 3096 947 3173 19)
968 3096 1003 3161 in
1024 3114 1097 3178 pag.
1124 3097 1170 3161 14.

300 3205 349 3278 33)
381 3201 427 3267 ol.
461 3202 535 3266 Sen.
569 3200 609 3266 de
631 3201 721 3266 clem.
742 3204 766 3260 Ι.
790 3201 828 3265 7:
861 3243 944 3278 „....
966 3201 1084 3285 Ecquis
1105 3221 1218 3282 regum
1240 3203 1302 3268 erit
1321 3205 1430 3286 tutus,

258 3307 347 3371 cuius
368 3325 435 3370 non
456 3306 605 3371 membra
627 3305 791 3385 aruspices
814 3305 988 3386 colligant?
1029 3305 1124 3382 Quod
1145 3305 1173 3370 si
1194 3306 1238 3372 dii
1254 3307 1430 3389 placabiles

258 3415 291 3475 et
312 3411 427 3493 aequi,
456 3409 573 3476 delicta
595 3409 779 3487 potentium
800 3428 866 3475 non
887 3410 999 3476 statim
1019 3410 1207 3477 fulminibus
1228 3430 1430 3494 persequun-

258 3518 312 3580 tur
332 3516 411 3579 cet'’.

297 3619 448 3684 Bidental
469 3619 599 3703 proprie
622 3618 738 3684 dieitur
759 3621 853 3688 τόπος
873 3619 1086 3700 rememorate.
1128 3621 1258 3686 Persius
1281 3621 1430 3688 hocloco

258 3725 365 3807 ipsum
385 3725 552 3790 hominem
575 3730 824 3803 cepouvoortiyoe,
845 3723 1010 3800 bidental,
1032 3727 1138 3790 vocat.
1160 3724 1207 3792 cl.
1229 3727 1373 3794 Festum.

301 3830 351 3911 ³¹)
373 3830 453 3894 Vide
473 3848 547 3912 pag.
574 3831 608 3894 11
633 3830 676 3895 ad
701 3832 747 3904 ι3)
770 3832 802 3894 et
822 3829 841 3892 l.
864 3829 903 3894 46
923 3832 999 3910 pag}
1021 3829 1069 3894 34.

300 3935 350 4016 33)
371 3934 452 4000 Vide
472 3935 490 3998 l.
514 3935 533 3998 4
554 3954 626 4016 pag.
649 3935 697 3998 43.

300 4045 349 4117 33)
381 4040 462 4105 Vide
491 4059 564 4122 pag.
585 4040 606 4103 4
627 4040 668 4104 ad
703 4041 743 4118 ⁵).
787 4039 851 4118 „De
871 4038 999 4103 ratione
1019 4039 1122 4106 stoica
1144 4041 1179 4106 in
1199 4042 1302 4108 Persii
1323 4044 1430 4110 satiris

259 4145 457 4228 apparente
487 4144 561 4208 diss.
583 4144 659 4227 phil.
681 4143 809 4225 scripsit
828 4143 863 4208 F.
885 4143 1121 4227 Knickenberg.
1151 4145 1341 4213 Monasterii
1362 4150 1428 4232 typ.

257 4251 284 4316 J.
304 4250 402 4315 Kriek
424 4250 521 4328 1867;
543 4249 618 4315 vide
638 4251 669 4315 h.
691 4267 744 4332 op.
765 4269 838 4332 pag.
860 4249 909 4314 Vl.

301 4353 351 4436 ³⁴)
372 4354 453 4419 Vide
474 4354 548 4421 Sen.
572 4375 621 4436 ep.
643 4355 702 4433 50,
725 4358 758 4421 et
777 4373 850 4437 pag·
870 4353 921 4419 48.
943 4355 976 4418 h.
998 4354 1029 4420 d.
