3382 5056
814 542 854 606 85

249 723 340 803 silia,
371 741 472 805 puras
495 720 538 786 ad
558 719 684 786 coelum
704 737 822 786 manus
840 720 972 785 tollere:
1003 720 1128 785 nullum
1149 723 1260 800 petere
1281 719 1425 798 bonum,

250 828 357 910 quod,
378 831 416 892 ut
436 828 479 892 ad
503 829 535 891 te
556 828 722 904 transeat,
746 826 861 909 aliquis
882 826 961 890 dare
983 824 1099 903 debet,
1122 811 1237 907 aliquis
1259 823 1425 888 amittere:

249 935 384 1015 optare,
406 931 496 1014 quod
515 931 585 996 sine
607 931 795 996 adversario
817 933 968 1014 optatur,
988 931 1111 995 bonam
1133 933 1296 995 mentem:
1318 930 1427 992 cetera

250 1056 370 1120 magno
399 1037 572 1102 aestimata
593 1037 804 1115 mortalibus,
827 1036 953 1101 etiamsi
975 1035 1047 1118 quis
1069 1036 1203 1100 domum
1224 1052 1317 1099 casus
1339 1035 1387 1098 att
1411 1066 1425 1078 -

250 1141 342 1221 ierit,
363 1141 409 1205 sic
429 1141 567 1219 intueri,
589 1141 682 1223 quasi
704 1141 849 1219 exitura,
872 1160 938 1223 qua
958 1139 1117 1205 venerint.

291 1245 376 1324 Quid
398 1249 446 1311 est
466 1246 705 1327 praecipuum?
726 1246 818 1310 Altos
839 1265 939 1326 supra
961 1245 1094 1310 fortuita
1116 1244 1247 1325 spiritus
1262 1243 1425 1308 attollere:

250 1350 403 1415 homimis
424 1351 628 1430 meminisse,
649 1354 706 1428 ut,
728 1351 797 1416 sive
818 1351 894 1416 felix
916 1351 998 1430 eris,
1020 1350 1102 1415 scias
1122 1351 1185 1414 hoo
1203 1369 1269 1413 non
1281 1349 1424 1414 futurum

251 1455 327 1533 diu;
347 1455 416 1520 sive
437 1455 567 1533 infelix,
589 1456 671 1521 scias
691 1456 753 1521 hoc
774 1460 806 1521 te
827 1476 894 1521 non
916 1476 1007 1536 esse,
1028 1456 1055 1520 si
1076 1474 1142 1520 non
1161 1457 1255 1536 putes
1276 1453 1328 1534 (cf.
1350 1454 1426 1518 Seu.

252 1579 303 1642 ep.
324 1560 344 1624 9
364 1560 400 1625 in
421 1560 508 1632 fine).

292 1663 379 1742 Quid
400 1669 448 1730 est
468 1666 714 1748 praecipiuuml
736 1666 772 1731 ln
784 1667 897 1748 primis
915 1665 1015 1732 labris
1025 1666 1172 1752 animam
1182 1665 1314 1730 habere.
1336 1664 1429 1728 Haec

253 1789 305 1835 res
337 1767 435 1834 efficit
465 1792 528 1836 non
559 1793 574 1837 c
604 1774 673 1838 iure
707 1772 879 1852 Quiritium
910 1765 1061 1852 liberum,
1086 1772 1141 1836 scd
1161 1793 1176 1836 c
1196 1773 1266 1836 iure
1285 1775 1428 1834 naturae.

255 1875 352 1940 Liber
377 1879 487 1941 autem
509 1879 578 1956 est,
600 1877 655 1959 qui
676 1877 865 1942 servitutem
888 1877 998 1958 effugit
1018 1877 1077 1942 sui.
1117 1876 1208 1941 Haec
1229 1877 1278 1939 est
1299 1873 1431 1938 assidua

255 1980 413 2060 servitus,
445 1985 477 2045 et
506 1982 739 2063 ineluctabilis,
772 1985 805 2047 et
835 2001 893 2063 per
926 1983 1012 2047 diem
1041 2002 1079 2047 ac
1099 1984 1229 2047 noctem
1250 1978 1430 2062 aequaliter

257 2104 430 2168 premens,
460 2086 530 2150 sine
562 2086 752 2163 intervallo,
784 2087 854 2152 sine
877 2090 1070 2152 commeatu.
1102 2085 1170 2151 Sibi
1192 2085 1334 2165 servire,
1355 2102 1429 2166 gra-

256 2190 388 2255 vissima
408 2191 547 2256 servitus
568 2195 633 2257 est:
655 2212 754 2274 quam
776 2193 936 2258 discutere
957 2192 1050 2257 facile
1072 2195 1130 2272 est,
1145 2191 1172 2256 si
1184 2189 1316 2256 desieris
1327 2190 1431 2254 multe

257 2297 290 2360 te
320 2313 473 2376 poscere,
505 2295 532 2360 si
564 2296 696 2362 desieris
726 2297 784 2361 tibi
806 2297 928 2362 reterre
949 2297 1153 2376 mercedem,
1174 2297 1201 2360 si
1223 2298 1299 2359 ante
1321 2295 1429 2358 oculos

257 2404 290 2466 et
317 2403 470 2466 naturam
490 2405 583 2466 tuam
603 2401 749 2482 posueris
771 2405 803 2467 et
825 2406 987 2482 aetatem,
1009 2403 1083 2467 licet
1103 2401 1209 2482 prima
1230 2400 1291 2478 sit;
1313 2417 1351 2464 ac
1371 2399 1430 2464 tibi

256 2505 326 2588 ipse
358 2505 494 2571 dixeris:
526 2505 611 2584 Quid
642 2506 796 2572 insanio?
827 2508 906 2590 quid
928 2508 1072 2572 anhelo?
1105 2507 1183 2589 quid
1213 2506 1322 2570 sudo?
1352 2504 1431 2588 quid

254 2614 377 2676 terram
407 2615 528 2676 verso?
561 2611 640 2694 quid
671 2612 776 2677 lorum
808 2613 905 2678 viso?
936 2614 1003 2678 Nec
1033 2613 1136 2677 multo
1167 2630 1249 2693 opus
1271 2613 1339 2691 est,
1370 2628 1431 2675 nec

255 2715 319 2781 diu.
361 2714 415 2779 Ad
444 2717 506 2780 boc
527 2717 671 2796 proderit
696 2718 789 2783 nobis
810 2719 968 2800 inspicere
988 2737 1098 2783 rerum
1120 2720 1293 2792 naturam;
1324 2713 1430 2796 primo

188 2888 189 2891 ,
254 2820 456 2885 discedemus
488 2841 508 2886 a
539 2822 697 2907 sordidis,
730 2823 848 2888 deinde
880 2824 1026 2888 animum
1055 2823 1181 2904 ipsum,
1213 2838 1278 2904 quo
1309 2837 1430 2900 magno

227 2935 229 2939 ’
255 2945 449 3008 summoque
481 2945 562 3008 opus
591 2931 659 3006 est,
681 2929 873 2994 seducemus
895 2949 915 2993 a
937 2947 1081 3010 corpore.
1124 2927 1248 2992 Deinde
1269 2926 1303 2989 in
1324 2925 1431 2989 occul-

254 3029 295 3095 tis
327 3031 504 3097 exercitata
534 3032 715 3112 subtilitas,
747 3053 814 3099 non
848 3034 910 3099 erit
941 3033 975 3098 in
1008 3035 1122 3114 aperto
1153 3031 1303 3096 deterior.
1345 3027 1432 3093 Nihil

256 3139 367 3202 autem
399 3139 448 3201 est
478 3139 621 3218 apertius
652 3138 703 3203 bis
740 3139 957 3219 salutaribuS,
989 3157 1073 3221 quae
1106 3138 1219 3203 contra
1250 3133 1431 3218 nequitiam

255 3244 403 3307 nostram
433 3241 642 3324 furoremque
678 3243 865 3323 discuntur,
897 3263 982 3326 quae
1014 3243 1210 3309 damnamus
1244 3260 1305 3305 nec
1335 3237 1429 3320 poni-

256 3347 360 3412 mus'’.
1346 3397 1347 3402 ,

296 3450 387 3515 Haec
407 3451 508 3514 verba
529 3451 596 3516 alta
616 3454 649 3516 et
670 3453 840 3531 sublimia,
863 3473 948 3536 quae
970 3453 1095 3518 Seneca
1114 3453 1197 3516 libro
1219 3448 1430 3531 lll⁰quaesti-

257 3573 358 3620 onum
388 3556 587 3620 naturalium
619 3559 818 3641 praemittit,
851 3560 964 3641 paucis
995 3561 1100 3623 totam
1122 3577 1160 3621 ao
1180 3556 1341 3638 integram
1362 3554 1430 3618 vim

231 3699 232 3704 κ
258 3660 425 3741 omnium,
445 3662 501 3744 qui
522 3666 722 3746 sequuntur,
743 3683 897 3729 versuum
918 3663 1036 3730 reddit.

297 3766 349 3831 Vs.
372 3766 412 3832 79
432 3787 493 3850 sqq
543 3768 605 3840 At,
627 3769 754 3850 inquio,
775 3789 887 3834 nonne
909 3788 1002 3835 mera
1023 3769 1159 3834 libertas
1171 3771 1220 3832 est
1230 3782 1433 3848 praenomen

259 3889 445 3952 assumere,
484 3891 694 3954 sponsorem,
735 3875 894 3955 iudicem,
927 3878 1044 3939 testem
1076 3892 1165 3952 esse,
1196 3871 1298 3936 verbo
1330 3871 1434 3935 civem

259 3994 434 4041 romanum
466 3981 588 4058 agerer
626 3979 743 4042 Nonne
774 3981 951 4057 Ἐλευθερὰς
981 3976 1062 4039 ἐστιν
1093 3979 1186 4053 iton
1207 3975 1246 4045 ὡς
1265 3974 1431 4050 βούλεται,

259 4080 290 4138 iv
310 4079 370 4141 οὔτ’
393 4080 565 4157 ἀναγκάσαι
585 4081 683 4156 ἐστὶν,
707 4082 772 4144 οὔτε
793 4085 924 4158 κωλύειν,
948 4084 1014 4144 οὔτε
1035 4081 1218 4158 βιάσασθαι·
1243 4073 1274 4141 οὗ
1294 4085 1323 4141 αἱ
1347 4078 1434 4157 ὁρμαὶ

259 4184 492 4261 ἁνεμποδιστοὶ,
526 4191 555 4246 αἱ
586 4187 701 4268 ὀρέξειςἸ
721 4186 940 4264 transcurrant,
979 4192 1009 4248 αἱ
1036 4186 1182 4257 ἐκκλίσεις
1212 4188 1432 4262 &reprimerem

261 4289 368 4370 (Epist
399 4289 474 4354 diss.
495 4291 544 4355 lv.
566 4310 592 4356 c.
617 4295 657 4371 1.)

301 4395 362 4473 At,
385 4412 444 4474 ego
467 4395 613 4478 inquam,
643 4399 781 4475 ,dictum
803 4404 853 4465 est
873 4400 915 4466 ab
937 4397 1161 4464 eruditissimis
1181 4396 1277 4477 viriS,
1299 4394 1361 4460 nisi
1380 4413 1434 4461 sa-
