<?xml version="1.0" encoding="UTF-8"?>
<!DOCTYPE html PUBLIC "-//W3C//DTD XHTML 1.0 Transitional//EN"
    "http://www.w3.org/TR/xhtml1/DTD/xhtml1-transitional.dtd">
<html xmlns="http://www.w3.org/1999/xhtml" xml:lang="en" lang="en">
 <head>
  <title>
</title>
<meta http-equiv="Content-Type" content="text/html;charset=utf-8" />
  <meta name='ocr-system' content='tesseract 3.04.00' />
  <meta name='ocr-capabilities' content='ocr_page ocr_carea ocr_par ocr_line ocrx_word'/>
</head>
<body>
  <div class='ocr_page' id='page_1' title='image "./derationestoica00houcgoog_0015.png"; bbox 0 0 3402 5056; ppageno 0'>
   <div class='ocr_carea' id='block_1_1' title="bbox 261 598 280 642">
    <p class='ocr_par' dir='ltr' id='par_1_1' title="bbox 261 598 280 642">
     <span class='ocr_line' id='line_1_1' title="bbox 261 598 280 642; baseline 0 0"><span class='ocrx_word' id='word_1_1' title='bbox 261 598 280 642; x_wconf 87' lang='lat'>11</span> 
     </span>
    </p>
   </div>
   <div class='ocr_carea' id='block_1_2' title="bbox 258 756 1435 4413">
    <p class='ocr_par' dir='ltr' id='par_1_2' title="bbox 259 756 1435 1349">
     <span class='ocr_line' id='line_1_2' title="bbox 259 756 1435 841; baseline -0.001 -18"><span class='ocrx_word' id='word_1_2' title='bbox 259 757 459 841; x_wconf 90' lang='lat' dir='ltr'>praecedunt</span> <span class='ocrx_word' id='word_1_3' title='bbox 489 761 522 824; x_wconf 91' lang='lat' dir='ltr'>et</span> <span class='ocrx_word' id='word_1_4' title='bbox 552 762 732 841; x_wconf 87' lang='lat' dir='ltr'>sequuntur</span> <span class='ocrx_word' id='word_1_5' title='bbox 764 759 825 825; x_wconf 90' lang='lat' dir='ltr'>rite</span> <span class='ocrx_word' id='word_1_6' title='bbox 853 763 886 824; x_wconf 89' lang='lat' dir='ltr'>et</span> <span class='ocrx_word' id='word_1_7' title='bbox 907 762 982 840; x_wconf 83' lang='lat' dir='ltr'><strong>apte</strong></span> <span class='ocrx_word' id='word_1_8' title='bbox 1004 758 1089 824; x_wconf 85' lang='lat' dir='ltr'>inter</span> <span class='ocrx_word' id='word_1_9' title='bbox 1110 776 1144 822; x_wconf 92' lang='lat' dir='ltr'>se</span> <span class='ocrx_word' id='word_1_10' title='bbox 1166 758 1355 836; x_wconf 89' lang='lat' dir='ltr'>connectat,</span> <span class='ocrx_word' id='word_1_11' title='bbox 1376 756 1435 822; x_wconf 90' lang='lat' dir='ltr'>sed</span> 
     </span>
     <span class='ocr_line' id='line_1_3' title="bbox 260 860 1434 945; baseline -0.002 -18"><span class='ocrx_word' id='word_1_12' title='bbox 260 861 418 945; x_wconf 87' lang='lat' dir='ltr'>quidquid</span> <span class='ocrx_word' id='word_1_13' title='bbox 440 863 469 928; x_wconf 92' lang='lat' dir='ltr'>ei</span> <span class='ocrx_word' id='word_1_14' title='bbox 489 863 580 929; x_wconf 87' lang='lat' dir='ltr'>venit</span> <span class='ocrx_word' id='word_1_15' title='bbox 600 864 635 928; x_wconf 92' lang='lat' dir='ltr'>in</span> <span class='ocrx_word' id='word_1_16' title='bbox 655 867 798 930; x_wconf 90' lang='lat' dir='ltr'>mentem</span> <span class='ocrx_word' id='word_1_17' title='bbox 822 864 935 930; x_wconf 90' lang='lat' dir='ltr'>statim</span> <span class='ocrx_word' id='word_1_18' title='bbox 956 863 1070 930; x_wconf 90' lang='lat' dir='ltr'>litteris</span> <span class='ocrx_word' id='word_1_19' title='bbox 1091 862 1270 929; x_wconf 88' lang='lat' dir='ltr'>mandavit.</span> <span class='ocrx_word' id='word_1_20' title='bbox 1302 860 1375 939; x_wconf 86' lang='lat' dir='ltr'>Qua</span> <span class='ocrx_word' id='word_1_21' title='bbox 1393 861 1434 926; x_wconf 90' lang='lat' dir='ltr'>de</span> 
     </span>
     <span class='ocr_line' id='line_1_4' title="bbox 261 965 1434 1051; baseline -0.001 -19"><span class='ocrx_word' id='word_1_22' title='bbox 261 987 361 1032; x_wconf 88' lang='lat' dir='ltr'>causa</span> <span class='ocrx_word' id='word_1_23' title='bbox 380 968 469 1033; x_wconf 90' lang='lat' dir='ltr'>nulla</span> <span class='ocrx_word' id='word_1_24' title='bbox 490 969 682 1036; x_wconf 88' lang='lat' dir='ltr'>eiussatira</span> <span class='ocrx_word' id='word_1_25' title='bbox 702 987 818 1051; x_wconf 90' lang='lat' dir='ltr'>corpus</span> <span class='ocrx_word' id='word_1_26' title='bbox 838 972 874 1033; x_wconf 87' lang='lat' dir='ltr'>ut</span> <span class='ocrx_word' id='word_1_27' title='bbox 897 969 989 1034; x_wconf 88' lang='lat' dir='ltr'>aiunt</span> <span class='ocrx_word' id='word_1_28' title='bbox 1009 969 1129 1044; x_wconf 90' lang='lat' dir='ltr'>habet;</span> <span class='ocrx_word' id='word_1_29' title='bbox 1151 965 1311 1048; x_wconf 87' lang='lat' dir='ltr'>imprimis</span> <span class='ocrx_word' id='word_1_30' title='bbox 1331 965 1434 1031; x_wconf 89' lang='lat' dir='ltr'>satira</span> 
     </span>
     <span class='ocr_line' id='line_1_5' title="bbox 261 1071 1434 1155; baseline -0.001 -18"><span class='ocrx_word' id='word_1_31' title='bbox 261 1071 368 1155; x_wconf 88' lang='lat' dir='ltr'>prima</span> <span class='ocrx_word' id='word_1_32' title='bbox 397 1073 535 1155; x_wconf 90' lang='lat' dir='ltr'>praehet</span> <span class='ocrx_word' id='word_1_33' title='bbox 565 1074 684 1139; x_wconf 92' lang='lat' dir='ltr'>seriem</span> <span class='ocrx_word' id='word_1_34' title='bbox 713 1077 981 1155; x_wconf 82' lang='lat' dir='ltr'>argumentorum</span> <span class='ocrx_word' id='word_1_35' title='bbox 1003 1073 1185 1152; x_wconf 88' lang='lat' dir='ltr'>variorum,</span> <span class='ocrx_word' id='word_1_36' title='bbox 1206 1090 1311 1154; x_wconf 89' lang='lat' dir='ltr'>quae,</span> <span class='ocrx_word' id='word_1_37' title='bbox 1333 1090 1434 1153; x_wconf 89' lang='lat' dir='ltr'>quum</span> 
     </span>
     <span class='ocr_line' id='line_1_6' title="bbox 262 1176 1434 1261; baseline -0.001 -19"><span class='ocrx_word' id='word_1_38' title='bbox 262 1177 327 1243; x_wconf 90' lang='lat' dir='ltr'>sint</span> <span class='ocrx_word' id='word_1_39' title='bbox 357 1177 569 1260; x_wconf 80' lang='lat' dir='ltr'>cogitationes</span> <span class='ocrx_word' id='word_1_40' title='bbox 590 1178 783 1261; x_wconf 81' lang='lat' dir='ltr'>repentinae</span> <span class='ocrx_word' id='word_1_41' title='bbox 805 1184 838 1245; x_wconf 92' lang='lat' dir='ltr'>et</span> <span class='ocrx_word' id='word_1_42' title='bbox 860 1179 999 1258; x_wconf 82' lang='lat' dir='ltr'>subitae,</span> <span class='ocrx_word' id='word_1_43' title='bbox 1022 1178 1085 1243; x_wconf 87' lang='lat' dir='ltr'>alia</span> <span class='ocrx_word' id='word_1_44' title='bbox 1107 1177 1176 1244; x_wconf 85' lang='lat' dir='ltr'>aliis</span> <span class='ocrx_word' id='word_1_45' title='bbox 1198 1176 1291 1260; x_wconf 87' lang='lat' dir='ltr'>quasi</span> <span class='ocrx_word' id='word_1_46' title='bbox 1303 1177 1434 1258; x_wconf 82' lang='lat' dir='ltr'>conglu-</span> 
     </span>
     <span class='ocr_line' id='line_1_7' title="bbox 262 1282 550 1349; baseline 0.007 -2"><span class='ocrx_word' id='word_1_47' title='bbox 262 1282 368 1348; x_wconf 90' lang='lat' dir='ltr'>tinata</span> <span class='ocrx_word' id='word_1_48' title='bbox 388 1283 550 1349; x_wconf 86' lang='lat' dir='ltr'>videntur.</span> 
     </span>
    </p>

    <p class='ocr_par' dir='ltr' id='par_1_3' title="bbox 260 1386 1435 3345">
     <span class='ocr_line' id='line_1_8' title="bbox 302 1386 1433 1471; baseline 0 -21"><span class='ocrx_word' id='word_1_49' title='bbox 302 1387 368 1453; x_wconf 84' lang='lat' dir='ltr'>Sed</span> <span class='ocrx_word' id='word_1_50' title='bbox 389 1390 422 1453; x_wconf 90' lang='lat' dir='ltr'>et</span> <span class='ocrx_word' id='word_1_51' title='bbox 443 1388 536 1454; x_wconf 91' lang='lat' dir='ltr'>aliter</span> <span class='ocrx_word' id='word_1_52' title='bbox 556 1389 618 1454; x_wconf 92' lang='lat' dir='ltr'>hoc</span> <span class='ocrx_word' id='word_1_53' title='bbox 639 1388 753 1453; x_wconf 92' lang='lat' dir='ltr'>vitium</span> <span class='ocrx_word' id='word_1_54' title='bbox 774 1389 927 1471; x_wconf 86' lang='lat' dir='ltr'>explicari</span> <span class='ocrx_word' id='word_1_55' title='bbox 948 1389 1063 1470; x_wconf 91' lang='lat' dir='ltr'>potest.</span> <span class='ocrx_word' id='word_1_56' title='bbox 1085 1387 1332 1453; x_wconf 87' lang='lat' dir='ltr'>Commentator</span> <span class='ocrx_word' id='word_1_57' title='bbox 1352 1386 1433 1451; x_wconf 92' lang='lat' dir='ltr'>Pro-</span> 
     </span>
     <span class='ocr_line' id='line_1_9' title="bbox 260 1491 1433 1573; baseline 0 -16"><span class='ocrx_word' id='word_1_58' title='bbox 260 1492 323 1557; x_wconf 90' lang='lat' dir='ltr'>bus</span> <span class='ocrx_word' id='word_1_59' title='bbox 352 1491 499 1558; x_wconf 90' lang='lat' dir='ltr'>Valerius</span> <span class='ocrx_word' id='word_1_60' title='bbox 530 1493 625 1558; x_wconf 93' lang='lat' dir='ltr'>nobis</span> <span class='ocrx_word' id='word_1_61' title='bbox 655 1493 756 1559; x_wconf 83' lang='lat' dir='ltr'><strong>tradit</strong></span> <span class='ocrx_word' id='word_1_62' title='bbox 790 1493 955 1571; x_wconf 88' lang='lat' dir='ltr'>„Persium</span> <span class='ocrx_word' id='word_1_63' title='bbox 976 1513 1051 1559; x_wconf 89' lang='lat' dir='ltr'>raro</span> <span class='ocrx_word' id='word_1_64' title='bbox 1075 1497 1107 1558; x_wconf 91' lang='lat' dir='ltr'>et</span> <span class='ocrx_word' id='word_1_65' title='bbox 1124 1493 1218 1558; x_wconf 86' lang='lat' dir='ltr'>tarde</span> <span class='ocrx_word' id='word_1_66' title='bbox 1239 1491 1433 1573; x_wconf 87' lang='lat' dir='ltr'>scripsisse’&#39;.</span> 
     </span>
     <span class='ocr_line' id='line_1_10' title="bbox 262 1596 1434 1681; baseline -0.001 -18"><span class='ocrx_word' id='word_1_67' title='bbox 262 1596 406 1663; x_wconf 83' lang='lat' dir='ltr'>Coniicio</span> <span class='ocrx_word' id='word_1_68' title='bbox 427 1597 554 1663; x_wconf 93' lang='lat' dir='ltr'>-dico</span> <span class='ocrx_word' id='word_1_69' title='bbox 575 1598 731 1680; x_wconf 90' lang='lat' dir='ltr'>coniicio,</span> <span class='ocrx_word' id='word_1_70' title='bbox 752 1618 830 1664; x_wconf 92' lang='lat' dir='ltr'>nam</span> <span class='ocrx_word' id='word_1_71' title='bbox 852 1618 936 1681; x_wconf 87' lang='lat' dir='ltr'>quae</span> <span class='ocrx_word' id='word_1_72' title='bbox 960 1599 1000 1663; x_wconf 90' lang='lat' dir='ltr'>de</span> <span class='ocrx_word' id='word_1_73' title='bbox 1023 1599 1092 1664; x_wconf 83' lang='lat' dir='ltr'>vita</span> <span class='ocrx_word' id='word_1_74' title='bbox 1113 1597 1306 1663; x_wconf 93' lang='lat' dir='ltr'>acmoribus</span> <span class='ocrx_word' id='word_1_75' title='bbox 1317 1600 1434 1679; x_wconf 86' lang='lat' dir='ltr'>poetae</span> 
     </span>
     <span class='ocr_line' id='line_1_11' title="bbox 261 1700 1435 1783; baseline -0.001 -16"><span class='ocrx_word' id='word_1_76' title='bbox 261 1702 364 1767; x_wconf 84' lang='lat' dir='ltr'>nostri</span> <span class='ocrx_word' id='word_1_77' title='bbox 394 1701 515 1768; x_wconf 86' lang='lat' dir='ltr'>tradita</span> <span class='ocrx_word' id='word_1_78' title='bbox 545 1702 726 1781; x_wconf 86' lang='lat' dir='ltr'>habemus,</span> <span class='ocrx_word' id='word_1_79' title='bbox 757 1703 863 1770; x_wconf 90' lang='lat' dir='ltr'>fontes</span> <span class='ocrx_word' id='word_1_80' title='bbox 894 1722 961 1769; x_wconf 91' lang='lat' dir='ltr'>non</span> <span class='ocrx_word' id='word_1_81' title='bbox 995 1704 1203 1769; x_wconf 86' lang='lat' dir='ltr'>abundantes</span> <span class='ocrx_word' id='word_1_82' title='bbox 1231 1705 1326 1783; x_wconf 89' lang='lat' dir='ltr'>sunt,</span> <span class='ocrx_word' id='word_1_83' title='bbox 1347 1700 1435 1767; x_wconf 91' lang='lat' dir='ltr'>unde</span> 
     </span>
     <span class='ocr_line' id='line_1_12' title="bbox 261 1807 1434 1888; baseline -0.003 -15"><span class='ocrx_word' id='word_1_84' title='bbox 261 1807 452 1873; x_wconf 89' lang='lat' dir='ltr'>hauriamus</span> <span class='ocrx_word' id='word_1_85' title='bbox 473 1843 512 1853; x_wconf 97' lang='lat'>-</span> <span class='ocrx_word' id='word_1_86' title='bbox 533 1807 681 1873; x_wconf 85' lang='lat' dir='ltr'>Persium</span> <span class='ocrx_word' id='word_1_87' title='bbox 707 1808 804 1873; x_wconf 89' lang='lat' dir='ltr'>fuisse</span> <span class='ocrx_word' id='word_1_88' title='bbox 825 1808 977 1874; x_wconf 86' lang='lat' dir='ltr'>iuvenem</span> <span class='ocrx_word' id='word_1_89' title='bbox 1000 1809 1100 1873; x_wconf 86' lang='lat' dir='ltr'>animi</span> <span class='ocrx_word' id='word_1_90' title='bbox 1122 1807 1314 1872; x_wconf 86' lang='lat' dir='ltr'>nobilissimi</span> <span class='ocrx_word' id='word_1_91' title='bbox 1336 1808 1434 1888; x_wconf 89' lang='lat' dir='ltr'>atque</span> 
     </span>
     <span class='ocr_line' id='line_1_13' title="bbox 261 1897 1434 1994; baseline -0.001 -18"><span class='ocrx_word' id='word_1_92' title='bbox 261 1911 542 1994; x_wconf 85' lang='lat' dir='ltr'>praestantissimi,</span> <span class='ocrx_word' id='word_1_93' title='bbox 564 1911 753 1993; x_wconf 81' lang='lat' dir='ltr'>cognitionis</span> <span class='ocrx_word' id='word_1_94' title='bbox 772 1916 804 1977; x_wconf 91' lang='lat' dir='ltr'>et</span> <span class='ocrx_word' id='word_1_95' title='bbox 815 1913 970 1978; x_wconf 86' lang='lat' dir='ltr'>scientiae</span> <span class='ocrx_word' id='word_1_96' title='bbox 982 1897 1241 1993; x_wconf 68' lang='lat' dir='ltr'>cupidissimum</span> <span class='ocrx_word' id='word_1_97' title='bbox 1263 1930 1338 1976; x_wconf 92' lang='lat' dir='ltr'>eum</span> <span class='ocrx_word' id='word_1_98' title='bbox 1350 1911 1434 1975; x_wconf 92' lang='lat' dir='ltr'>mul·</span> 
     </span>
     <span class='ocr_line' id='line_1_14' title="bbox 261 2015 1434 2100; baseline -0.001 -20"><span class='ocrx_word' id='word_1_99' title='bbox 261 2018 331 2081; x_wconf 91' lang='lat' dir='ltr'>tum</span> <span class='ocrx_word' id='word_1_100' title='bbox 363 2015 477 2097; x_wconf 85' lang='lat' dir='ltr'>legisse</span> <span class='ocrx_word' id='word_1_101' title='bbox 508 2019 541 2082; x_wconf 91' lang='lat' dir='ltr'>et</span> <span class='ocrx_word' id='word_1_102' title='bbox 571 2018 675 2082; x_wconf 88' lang='lat' dir='ltr'>multa</span> <span class='ocrx_word' id='word_1_103' title='bbox 705 2018 874 2098; x_wconf 85' lang='lat' dir='ltr'>didicisse,</span> <span class='ocrx_word' id='word_1_104' title='bbox 903 2036 990 2100; x_wconf 85' lang='lat' dir='ltr'>quae</span> <span class='ocrx_word' id='word_1_105' title='bbox 1011 2017 1040 2082; x_wconf 90' lang='lat' dir='ltr'>ei</span> <span class='ocrx_word' id='word_1_106' title='bbox 1061 2017 1191 2100; x_wconf 90' lang='lat' dir='ltr'>penitus</span> <span class='ocrx_word' id='word_1_107' title='bbox 1212 2017 1378 2083; x_wconf 87' lang='lat' dir='ltr'>haeserint</span> <span class='ocrx_word' id='word_1_108' title='bbox 1399 2016 1434 2080; x_wconf 93' lang='lat' dir='ltr'>in</span> 
     </span>
     <span class='ocr_line' id='line_1_15' title="bbox 260 2120 1433 2204; baseline 0 -18"><span class='ocrx_word' id='word_1_109' title='bbox 260 2120 344 2187; x_wconf 88' lang='lat' dir='ltr'>fehci</span> <span class='ocrx_word' id='word_1_110' title='bbox 364 2121 542 2200; x_wconf 89' lang='lat' dir='ltr'>memoria;</span> <span class='ocrx_word' id='word_1_111' title='bbox 564 2126 661 2204; x_wconf 90' lang='lat' dir='ltr'>caput</span> <span class='ocrx_word' id='word_1_112' title='bbox 682 2121 751 2187; x_wconf 91' lang='lat' dir='ltr'>eius</span> <span class='ocrx_word' id='word_1_113' title='bbox 772 2123 869 2204; x_wconf 82' lang='lat' dir='ltr'>igitur</span> <span class='ocrx_word' id='word_1_114' title='bbox 892 2123 970 2187; x_wconf 89' lang='lat' dir='ltr'>—si</span> <span class='ocrx_word' id='word_1_115' title='bbox 991 2123 1087 2188; x_wconf 90' lang='lat' dir='ltr'>liceat</span> <span class='ocrx_word' id='word_1_116' title='bbox 1109 2121 1216 2187; x_wconf 86' lang='lat' dir='ltr'>dicere</span> <span class='ocrx_word' id='word_1_117' title='bbox 1230 2157 1264 2168; x_wconf 94' lang='lat'>-</span> <span class='ocrx_word' id='word_1_118' title='bbox 1278 2121 1433 2187; x_wconf 90' lang='lat' dir='ltr'>refertum</span> 
     </span>
     <span class='ocr_line' id='line_1_16' title="bbox 261 2225 1432 2310; baseline 0.002 -20"><span class='ocrx_word' id='word_1_119' title='bbox 261 2225 361 2292; x_wconf 90' lang='lat' dir='ltr'>fuisse</span> <span class='ocrx_word' id='word_1_120' title='bbox 380 2225 546 2291; x_wconf 91' lang='lat' dir='ltr'>variorum</span> <span class='ocrx_word' id='word_1_121' title='bbox 563 2227 757 2310; x_wconf 86' lang='lat' dir='ltr'>scriptorum</span> <span class='ocrx_word' id='word_1_122' title='bbox 777 2231 808 2293; x_wconf 91' lang='lat' dir='ltr'>et</span> <span class='ocrx_word' id='word_1_123' title='bbox 830 2229 1003 2309; x_wconf 88' lang='lat' dir='ltr'>poetarum</span> <span class='ocrx_word' id='word_1_124' title='bbox 1015 2227 1107 2291; x_wconf 90' lang='lat' dir='ltr'>dictis</span> <span class='ocrx_word' id='word_1_125' title='bbox 1120 2226 1351 2304; x_wconf 88' lang='lat' dir='ltr'>etsententiis;</span> <span class='ocrx_word' id='word_1_126' title='bbox 1372 2227 1432 2292; x_wconf 91' lang='lat' dir='ltr'>fla·</span> 
     </span>
     <span class='ocr_line' id='line_1_17' title="bbox 262 2331 1433 2415; baseline 0 -19"><span class='ocrx_word' id='word_1_127' title='bbox 262 2350 372 2413; x_wconf 81' lang='lat' dir='ltr'>grasse</span> <span class='ocrx_word' id='word_1_128' title='bbox 394 2350 469 2396; x_wconf 92' lang='lat' dir='ltr'>eum</span> <span class='ocrx_word' id='word_1_129' title='bbox 487 2332 663 2413; x_wconf 89' lang='lat' dir='ltr'>cupiditate</span> <span class='ocrx_word' id='word_1_130' title='bbox 674 2332 912 2415; x_wconf 84' lang='lat' dir='ltr'>perstringendi</span> <span class='ocrx_word' id='word_1_131' title='bbox 923 2332 1046 2414; x_wconf 85' lang='lat' dir='ltr'>flagitia</span> <span class='ocrx_word' id='word_1_132' title='bbox 1058 2335 1090 2397; x_wconf 90' lang='lat' dir='ltr'>et</span> <span class='ocrx_word' id='word_1_133' title='bbox 1101 2331 1253 2396; x_wconf 86' lang='lat' dir='ltr'>stultitias</span> <span class='ocrx_word' id='word_1_134' title='bbox 1264 2331 1433 2397; x_wconf 90' lang='lat' dir='ltr'>hominum</span> 
     </span>
     <span class='ocr_line' id='line_1_18' title="bbox 262 2436 1433 2519; baseline 0 -18"><span class='ocrx_word' id='word_1_135' title='bbox 262 2455 342 2502; x_wconf 92' lang='lat' dir='ltr'>suae</span> <span class='ocrx_word' id='word_1_136' title='bbox 363 2437 489 2514; x_wconf 74' lang='lat' dir='ltr'>aetatis</span> <span class='ocrx_word' id='word_1_137' title='bbox 512 2436 652 2503; x_wconf 89' lang='lat' dir='ltr'>defuisse</span> <span class='ocrx_word' id='word_1_138' title='bbox 673 2441 785 2502; x_wconf 90' lang='lat' dir='ltr'>tamen</span> <span class='ocrx_word' id='word_1_139' title='bbox 802 2437 830 2502; x_wconf 90' lang='lat' dir='ltr'>ei</span> <span class='ocrx_word' id='word_1_140' title='bbox 841 2437 1030 2502; x_wconf 88' lang='lat' dir='ltr'>facultatem</span> <span class='ocrx_word' id='word_1_141' title='bbox 1042 2437 1266 2502; x_wconf 89' lang='lat' dir='ltr'>conformandi</span> <span class='ocrx_word' id='word_1_142' title='bbox 1288 2456 1433 2519; x_wconf 74' lang='lat' dir='ltr'>eaquae</span> 
     </span>
     <span class='ocr_line' id='line_1_19' title="bbox 262 2541 1433 2623; baseline 0.003 -17"><span class='ocrx_word' id='word_1_143' title='bbox 262 2541 324 2606; x_wconf 92' lang='lat' dir='ltr'>sibi</span> <span class='ocrx_word' id='word_1_144' title='bbox 344 2542 441 2607; x_wconf 93' lang='lat' dir='ltr'>vellet</span> <span class='ocrx_word' id='word_1_145' title='bbox 463 2543 563 2623; x_wconf 91' lang='lat' dir='ltr'>atque</span> <span class='ocrx_word' id='word_1_146' title='bbox 585 2542 739 2620; x_wconf 89' lang='lat' dir='ltr'>sentiret;</span> <span class='ocrx_word' id='word_1_147' title='bbox 759 2542 837 2608; x_wconf 86' lang='lat' dir='ltr'>hinc</span> <span class='ocrx_word' id='word_1_148' title='bbox 859 2562 934 2607; x_wconf 90' lang='lat' dir='ltr'>eum</span> <span class='ocrx_word' id='word_1_149' title='bbox 956 2562 1030 2607; x_wconf 92' lang='lat' dir='ltr'>raro</span> <span class='ocrx_word' id='word_1_150' title='bbox 1052 2546 1084 2608; x_wconf 90' lang='lat' dir='ltr'>et</span> <span class='ocrx_word' id='word_1_151' title='bbox 1106 2541 1200 2606; x_wconf 89' lang='lat' dir='ltr'>tarde</span> <span class='ocrx_word' id='word_1_152' title='bbox 1222 2541 1386 2623; x_wconf 87' lang='lat' dir='ltr'>scripsisse</span> <span class='ocrx_word' id='word_1_153' title='bbox 1401 2546 1433 2608; x_wconf 89' lang='lat' dir='ltr'>et</span> 
     </span>
     <span class='ocr_line' id='line_1_20' title="bbox 262 2645 1434 2729; baseline 0.002 -19"><span class='ocrx_word' id='word_1_154' title='bbox 262 2645 389 2728; x_wconf 89' lang='lat' dir='ltr'>copiam</span> <span class='ocrx_word' id='word_1_155' title='bbox 412 2645 540 2711; x_wconf 88' lang='lat' dir='ltr'>dicendi</span> <span class='ocrx_word' id='word_1_156' title='bbox 561 2647 693 2712; x_wconf 88' lang='lat' dir='ltr'>aliunde</span> <span class='ocrx_word' id='word_1_157' title='bbox 713 2648 852 2729; x_wconf 90' lang='lat' dir='ltr'>petiisse.</span> <span class='ocrx_word' id='word_1_158' title='bbox 891 2647 1028 2729; x_wconf 89' lang='lat' dir='ltr'>Semper</span> <span class='ocrx_word' id='word_1_159' title='bbox 1049 2647 1170 2729; x_wconf 88' lang='lat' dir='ltr'>ubique</span> <span class='ocrx_word' id='word_1_160' title='bbox 1192 2646 1249 2728; x_wconf 84' lang='lat' dir='ltr'>tibi</span> <span class='ocrx_word' id='word_1_161' title='bbox 1261 2650 1434 2712; x_wconf 88' lang='lat' dir='ltr'>occurrunt</span> 
     </span>
     <span class='ocr_line' id='line_1_21' title="bbox 262 2751 1433 2836; baseline 0.001 -20"><span class='ocrx_word' id='word_1_162' title='bbox 262 2751 366 2817; x_wconf 90' lang='lat' dir='ltr'>verba</span> <span class='ocrx_word' id='word_1_163' title='bbox 387 2755 421 2817; x_wconf 89' lang='lat' dir='ltr'>et</span> <span class='ocrx_word' id='word_1_164' title='bbox 441 2751 527 2817; x_wconf 90' lang='lat' dir='ltr'>dicta</span> <span class='ocrx_word' id='word_1_165' title='bbox 548 2752 749 2830; x_wconf 79' lang='lat' dir='ltr'>Horatiana3</span> <span class='ocrx_word' id='word_1_166' title='bbox 774 2772 897 2833; x_wconf 91' lang='lat' dir='ltr'>,nemo,</span> <span class='ocrx_word' id='word_1_167' title='bbox 919 2754 975 2836; x_wconf 87' lang='lat' dir='ltr'>qui</span> <span class='ocrx_word' id='word_1_168' title='bbox 997 2754 1048 2818; x_wconf 91' lang='lat' dir='ltr'>vel</span> <span class='ocrx_word' id='word_1_169' title='bbox 1070 2753 1259 2818; x_wconf 87' lang='lat' dir='ltr'>summatim</span> <span class='ocrx_word' id='word_1_170' title='bbox 1280 2753 1433 2818; x_wconf 92' lang='lat' dir='ltr'>humani-</span> 
     </span>
     <span class='ocr_line' id='line_1_22' title="bbox 263 2855 1434 2940; baseline 0.002 -19"><span class='ocrx_word' id='word_1_171' title='bbox 263 2855 340 2921; x_wconf 89' lang='lat' dir='ltr'>tatis</span> <span class='ocrx_word' id='word_1_172' title='bbox 360 2855 470 2922; x_wconf 89' lang='lat' dir='ltr'>studia</span> <span class='ocrx_word' id='word_1_173' title='bbox 489 2856 613 2938; x_wconf 81' lang='lat' dir='ltr'>attigit,</span> <span class='ocrx_word' id='word_1_174' title='bbox 636 2857 738 2921; x_wconf 91' lang='lat' dir='ltr'>Persii</span> <span class='ocrx_word' id='word_1_175' title='bbox 760 2857 877 2922; x_wconf 88' lang='lat' dir='ltr'>satiras</span> <span class='ocrx_word' id='word_1_176' title='bbox 898 2857 993 2939; x_wconf 82' lang='lat' dir='ltr'>legit,</span> <span class='ocrx_word' id='word_1_177' title='bbox 1018 2857 1097 2940; x_wconf 89' lang='lat' dir='ltr'>quin</span> <span class='ocrx_word' id='word_1_178' title='bbox 1118 2858 1229 2922; x_wconf 91' lang='lat' dir='ltr'>statim</span> <span class='ocrx_word' id='word_1_179' title='bbox 1244 2856 1434 2923; x_wconf 85' lang='lat' dir='ltr'>imitationis</span> 
     </span>
     <span class='ocr_line' id='line_1_23' title="bbox 261 2961 1433 3045; baseline 0.001 -18"><span class='ocrx_word' id='word_1_180' title='bbox 261 2961 464 3027; x_wconf 88' lang='lat' dir='ltr'>Horatianae</span> <span class='ocrx_word' id='word_1_181' title='bbox 496 2962 605 3044; x_wconf 86' lang='lat' dir='ltr'>aliqua</span> <span class='ocrx_word' id='word_1_182' title='bbox 636 2963 753 3027; x_wconf 90' lang='lat' dir='ltr'>saltem</span> <span class='ocrx_word' id='word_1_183' title='bbox 783 2962 919 3044; x_wconf 84' lang='lat' dir='ltr'>vestigia</span> <span class='ocrx_word' id='word_1_184' title='bbox 941 2962 1184 3045; x_wconf 88' lang='lat' dir='ltr'>deprehendat&#39;&#39;</span> <span class='ocrx_word' id='word_1_185' title='bbox 1207 2999 1244 3008; x_wconf 94' lang='lat'>-</span> <span class='ocrx_word' id='word_1_186' title='bbox 1265 2965 1302 3027; x_wconf 91' lang='lat' dir='ltr'>ut</span> <span class='ocrx_word' id='word_1_187' title='bbox 1322 2964 1433 3028; x_wconf 88' lang='lat' dir='ltr'>scribit</span> 
     </span>
     <span class='ocr_line' id='line_1_24' title="bbox 260 3066 1432 3149; baseline -0.002 -15"><span class='ocrx_word' id='word_1_188' title='bbox 260 3067 495 3146; x_wconf 82' lang='lat' dir='ltr'>Casaubonus,</span> <span class='ocrx_word' id='word_1_189' title='bbox 516 3066 572 3148; x_wconf 89' lang='lat' dir='ltr'>qui</span> <span class='ocrx_word' id='word_1_190' title='bbox 593 3066 700 3132; x_wconf 91' lang='lat' dir='ltr'>idem:</span> <span class='ocrx_word' id='word_1_191' title='bbox 728 3067 770 3146; x_wconf 92' lang='lat' dir='ltr'>,si</span> <span class='ocrx_word' id='word_1_192' title='bbox 789 3070 955 3133; x_wconf 88' lang='lat' dir='ltr'>exstarent</span> <span class='ocrx_word' id='word_1_193' title='bbox 965 3068 1077 3133; x_wconf 91' lang='lat' dir='ltr'>Lucilii</span> <span class='ocrx_word' id='word_1_194' title='bbox 1089 3067 1219 3149; x_wconf 89' lang='lat' dir='ltr'>satirae,</span> <span class='ocrx_word' id='word_1_195' title='bbox 1240 3087 1307 3133; x_wconf 93' lang='lat' dir='ltr'>non</span> <span class='ocrx_word' id='word_1_196' title='bbox 1319 3068 1432 3133; x_wconf 92' lang='lat' dir='ltr'>dubito</span> 
     </span>
     <span class='ocr_line' id='line_1_25' title="bbox 261 3172 1433 3255; baseline -0.001 -17"><span class='ocrx_word' id='word_1_197' title='bbox 261 3174 361 3241; x_wconf 89' lang='lat' dir='ltr'>etiam</span> <span class='ocrx_word' id='word_1_198' title='bbox 382 3174 416 3238; x_wconf 94' lang='lat' dir='ltr'>in</span> <span class='ocrx_word' id='word_1_199' title='bbox 437 3173 497 3238; x_wconf 91' lang='lat' dir='ltr'>illis</span> <span class='ocrx_word' id='word_1_200' title='bbox 517 3172 652 3254; x_wconf 91' lang='lat' dir='ltr'>reperiri</span> <span class='ocrx_word' id='word_1_201' title='bbox 674 3174 838 3255; x_wconf 85' lang='lat' dir='ltr'>quaedam</span> <span class='ocrx_word' id='word_1_202' title='bbox 860 3193 967 3254; x_wconf 90' lang='lat' dir='ltr'>posse,</span> <span class='ocrx_word' id='word_1_203' title='bbox 989 3173 1106 3255; x_wconf 88' lang='lat' dir='ltr'>quibus</span> <span class='ocrx_word' id='word_1_204' title='bbox 1128 3178 1241 3238; x_wconf 87' lang='lat' dir='ltr'>noster</span> <span class='ocrx_word' id='word_1_205' title='bbox 1251 3192 1310 3240; x_wconf 90' lang='lat' dir='ltr'>sua</span> <span class='ocrx_word' id='word_1_206' title='bbox 1321 3173 1433 3239; x_wconf 78' lang='lat' dir='ltr'>fecerIt</span> 
     </span>
     <span class='ocr_line' id='line_1_26' title="bbox 261 3277 725 3345; baseline -0.002 -1"><span class='ocrx_word' id='word_1_207' title='bbox 261 3279 408 3345; x_wconf 88' lang='lat' dir='ltr'>auctiora</span> <span class='ocrx_word' id='word_1_208' title='bbox 429 3280 462 3343; x_wconf 90' lang='lat' dir='ltr'>et</span> <span class='ocrx_word' id='word_1_209' title='bbox 481 3277 725 3343; x_wconf 87' lang='lat' dir='ltr'>luculentiora’&#39;.</span> 
     </span>
    </p>

    <p class='ocr_par' dir='ltr' id='par_1_4' title="bbox 258 3382 1434 4413">
     <span class='ocr_line' id='line_1_27' title="bbox 298 3382 1433 3450; baseline 0 -1"><span class='ocrx_word' id='word_1_210' title='bbox 298 3383 371 3450; x_wconf 95' lang='lat' dir='ltr'>Noli</span> <span class='ocrx_word' id='word_1_211' title='bbox 414 3387 525 3448; x_wconf 90' lang='lat' dir='ltr'>tamen</span> <span class='ocrx_word' id='word_1_212' title='bbox 567 3383 699 3448; x_wconf 90' lang='lat' dir='ltr'>credere</span> <span class='ocrx_word' id='word_1_213' title='bbox 736 3402 790 3448; x_wconf 93' lang='lat' dir='ltr'>me</span> <span class='ocrx_word' id='word_1_214' title='bbox 828 3383 1025 3449; x_wconf 87' lang='lat' dir='ltr'>contendere</span> <span class='ocrx_word' id='word_1_215' title='bbox 1055 3383 1205 3448; x_wconf 91' lang='lat' dir='ltr'>Persium</span> <span class='ocrx_word' id='word_1_216' title='bbox 1236 3382 1313 3448; x_wconf 93' lang='lat' dir='ltr'>furti</span> <span class='ocrx_word' id='word_1_217' title='bbox 1339 3401 1433 3449; x_wconf 90' lang='lat' dir='ltr'>accu-</span> 
     </span>
     <span class='ocr_line' id='line_1_28' title="bbox 262 3487 1434 3569; baseline -0.001 -15"><span class='ocrx_word' id='word_1_218' title='bbox 262 3488 402 3554; x_wconf 88' lang='lat' dir='ltr'>sandum</span> <span class='ocrx_word' id='word_1_219' title='bbox 437 3507 526 3568; x_wconf 91' lang='lat' dir='ltr'>esse,</span> <span class='ocrx_word' id='word_1_220' title='bbox 558 3487 585 3552; x_wconf 94' lang='lat' dir='ltr'>si</span> <span class='ocrx_word' id='word_1_221' title='bbox 613 3487 648 3551; x_wconf 93' lang='lat' dir='ltr'>in</span> <span class='ocrx_word' id='word_1_222' title='bbox 669 3487 737 3552; x_wconf 92' lang='lat' dir='ltr'>eius</span> <span class='ocrx_word' id='word_1_223' title='bbox 760 3487 958 3553; x_wconf 87' lang='lat' dir='ltr'>carminibus</span> <span class='ocrx_word' id='word_1_224' title='bbox 979 3488 1083 3554; x_wconf 86' lang='lat' dir='ltr'>multa</span> <span class='ocrx_word' id='word_1_225' title='bbox 1104 3488 1327 3568; x_wconf 90' lang='lat' dir='ltr'>inveniamus,</span> <span class='ocrx_word' id='word_1_226' title='bbox 1349 3507 1434 3569; x_wconf 89' lang='lat' dir='ltr'>quae</span> 
     </span>
     <span class='ocr_line' id='line_1_29' title="bbox 262 3592 1433 3676; baseline 0 -17"><span class='ocrx_word' id='word_1_227' title='bbox 262 3594 378 3660; x_wconf 90' lang='lat' dir='ltr'>eadem</span> <span class='ocrx_word' id='word_1_228' title='bbox 409 3592 571 3675; x_wconf 88' lang='lat' dir='ltr'>praebent</span> <span class='ocrx_word' id='word_1_229' title='bbox 589 3593 728 3674; x_wconf 84' lang='lat' dir='ltr'>legenda</span> <span class='ocrx_word' id='word_1_230' title='bbox 748 3592 927 3674; x_wconf 87' lang='lat' dir='ltr'>Horatius,</span> <span class='ocrx_word' id='word_1_231' title='bbox 949 3592 1094 3673; x_wconf 90' lang='lat' dir='ltr'>Seneca,</span> <span class='ocrx_word' id='word_1_232' title='bbox 1116 3593 1179 3659; x_wconf 91' lang='lat' dir='ltr'>alii.</span> <span class='ocrx_word' id='word_1_233' title='bbox 1222 3593 1258 3658; x_wconf 92' lang='lat' dir='ltr'>ld</span> <span class='ocrx_word' id='word_1_234' title='bbox 1278 3593 1433 3676; x_wconf 91' lang='lat' dir='ltr'>procula</span> 
     </span>
     <span class='ocr_line' id='line_1_30' title="bbox 259 3697 1432 3780; baseline -0.003 -15"><span class='ocrx_word' id='word_1_235' title='bbox 259 3719 313 3765; x_wconf 90' lang='lat' dir='ltr'>me</span> <span class='ocrx_word' id='word_1_236' title='bbox 335 3698 459 3765; x_wconf 90' lang='lat' dir='ltr'>aberitl</span> <span class='ocrx_word' id='word_1_237' title='bbox 487 3697 632 3763; x_wconf 85' lang='lat' dir='ltr'>Societas</span> <span class='ocrx_word' id='word_1_238' title='bbox 655 3698 802 3763; x_wconf 88' lang='lat' dir='ltr'>humana</span> <span class='ocrx_word' id='word_1_239' title='bbox 823 3697 928 3780; x_wconf 88' lang='lat' dir='ltr'>qualis</span> <span class='ocrx_word' id='word_1_240' title='bbox 950 3701 1044 3779; x_wconf 86' lang='lat' dir='ltr'>esset,</span> <span class='ocrx_word' id='word_1_241' title='bbox 1064 3717 1131 3763; x_wconf 91' lang='lat' dir='ltr'>non</span> <span class='ocrx_word' id='word_1_242' title='bbox 1151 3699 1218 3764; x_wconf 90' lang='lat' dir='ltr'>suis</span> <span class='ocrx_word' id='word_1_243' title='bbox 1239 3700 1298 3764; x_wconf 93' lang='lat' dir='ltr'>sed</span> <span class='ocrx_word' id='word_1_244' title='bbox 1319 3697 1432 3764; x_wconf 92' lang='lat' dir='ltr'>alienis</span> 
     </span>
     <span class='ocr_line' id='line_1_31' title="bbox 262 3803 1431 3887; baseline 0.003 -17"><span class='ocrx_word' id='word_1_245' title='bbox 262 3803 362 3870; x_wconf 90' lang='lat' dir='ltr'>oculis</span> <span class='ocrx_word' id='word_1_246' title='bbox 392 3803 557 3886; x_wconf 87' lang='lat' dir='ltr'>perspexit</span> <span class='ocrx_word' id='word_1_247' title='bbox 577 3806 687 3886; x_wconf 86' lang='lat' dir='ltr'>poeta.</span> <span class='ocrx_word' id='word_1_248' title='bbox 719 3803 870 3870; x_wconf 91' lang='lat' dir='ltr'>Secretus</span> <span class='ocrx_word' id='word_1_249' title='bbox 892 3803 934 3869; x_wconf 92' lang='lat' dir='ltr'>ab</span> <span class='ocrx_word' id='word_1_250' title='bbox 958 3804 1128 3869; x_wconf 91' lang='lat' dir='ltr'>hominum</span> <span class='ocrx_word' id='word_1_251' title='bbox 1149 3804 1334 3887; x_wconf 87' lang='lat' dir='ltr'>frequentia</span> <span class='ocrx_word' id='word_1_252' title='bbox 1354 3808 1431 3873; x_wconf 93' lang='lat' dir='ltr'>doc·</span> 
     </span>
     <span class='ocr_line' id='line_1_32' title="bbox 258 3908 1432 3990; baseline 0.003 -16"><span class='ocrx_word' id='word_1_253' title='bbox 258 3909 380 3976; x_wconf 88' lang='lat' dir='ltr'>trinam</span> <span class='ocrx_word' id='word_1_254' title='bbox 409 3911 441 3974; x_wconf 90' lang='lat' dir='ltr'>et</span> <span class='ocrx_word' id='word_1_255' title='bbox 472 3908 596 3974; x_wconf 90' lang='lat' dir='ltr'>litteras</span> <span class='ocrx_word' id='word_1_256' title='bbox 627 3908 712 3973; x_wconf 86' lang='lat' dir='ltr'>inter</span> <span class='ocrx_word' id='word_1_257' title='bbox 744 3909 886 3990; x_wconf 90' lang='lat' dir='ltr'>parietes</span> <span class='ocrx_word' id='word_1_258' title='bbox 919 3912 951 3975; x_wconf 90' lang='lat' dir='ltr'>et</span> <span class='ocrx_word' id='word_1_259' title='bbox 983 3909 1017 3974; x_wconf 90' lang='lat' dir='ltr'>in</span> <span class='ocrx_word' id='word_1_260' title='bbox 1047 3909 1165 3974; x_wconf 89' lang='lat' dir='ltr'>scholis</span> <span class='ocrx_word' id='word_1_261' title='bbox 1187 3914 1353 3976; x_wconf 88' lang='lat' dir='ltr'>assecutus</span> <span class='ocrx_word' id='word_1_262' title='bbox 1374 3914 1432 3978; x_wconf 90' lang='lat' dir='ltr'>est.</span> 
     </span>
     <span class='ocr_line' id='line_1_33' title="bbox 259 4013 1432 4099; baseline 0.003 -19"><span class='ocrx_word' id='word_1_263' title='bbox 259 4014 345 4092; x_wconf 86' lang='lat' dir='ltr'>Quid</span> <span class='ocrx_word' id='word_1_264' title='bbox 369 4014 555 4080; x_wconf 90' lang='lat' dir='ltr'>mirandum</span> <span class='ocrx_word' id='word_1_265' title='bbox 577 4033 651 4079; x_wconf 90' lang='lat' dir='ltr'>eum</span> <span class='ocrx_word' id='word_1_266' title='bbox 673 4013 863 4096; x_wconf 89' lang='lat' dir='ltr'>saepissime</span> <span class='ocrx_word' id='word_1_267' title='bbox 886 4014 993 4081; x_wconf 89' lang='lat' dir='ltr'>aliena</span> <span class='ocrx_word' id='word_1_268' title='bbox 1014 4014 1102 4080; x_wconf 89' lang='lat' dir='ltr'>dicta</span> <span class='ocrx_word' id='word_1_269' title='bbox 1122 4015 1270 4080; x_wconf 91' lang='lat' dir='ltr'>retulisse</span> <span class='ocrx_word' id='word_1_270' title='bbox 1283 4019 1324 4096; x_wconf 90' lang='lat' dir='ltr'>et,</span> <span class='ocrx_word' id='word_1_271' title='bbox 1347 4036 1432 4099; x_wconf 88' lang='lat' dir='ltr'>quae</span> 
     </span>
     <span class='ocr_line' id='line_1_34' title="bbox 260 4118 1433 4210; baseline 0.003 -25"><span class='ocrx_word' id='word_1_272' title='bbox 260 4120 295 4185; x_wconf 94' lang='lat' dir='ltr'>in</span> <span class='ocrx_word' id='word_1_273' title='bbox 335 4120 502 4185; x_wconf 92' lang='lat' dir='ltr'>rhetorum</span> <span class='ocrx_word' id='word_1_274' title='bbox 545 4122 577 4183; x_wconf 90' lang='lat' dir='ltr'>et</span> <span class='ocrx_word' id='word_1_275' title='bbox 609 4118 876 4210; x_wconf 88' lang='lat' dir='ltr'>philosophorum</span> <span class='ocrx_word' id='word_1_276' title='bbox 906 4119 1023 4185; x_wconf 92' lang='lat' dir='ltr'>scholis</span> <span class='ocrx_word' id='word_1_277' title='bbox 1055 4119 1252 4200; x_wconf 84' lang='lat' dir='ltr'>audivisset,</span> <span class='ocrx_word' id='word_1_278' title='bbox 1285 4122 1433 4188; x_wconf 89' lang='lat' dir='ltr'>oratione</span> 
     </span>
     <span class='ocr_line' id='line_1_35' title="bbox 259 4224 1431 4309; baseline -0.001 -17"><span class='ocrx_word' id='word_1_279' title='bbox 259 4225 402 4309; x_wconf 89' lang='lat' dir='ltr'>pedestri</span> <span class='ocrx_word' id='word_1_280' title='bbox 423 4227 553 4305; x_wconf 90' lang='lat' dir='ltr'>spreta,</span> <span class='ocrx_word' id='word_1_281' title='bbox 574 4225 704 4304; x_wconf 85' lang='lat' dir='ltr'>rythmo</span> <span class='ocrx_word' id='word_1_282' title='bbox 725 4226 758 4289; x_wconf 90' lang='lat' dir='ltr'>et</span> <span class='ocrx_word' id='word_1_283' title='bbox 778 4224 883 4289; x_wconf 93' lang='lat' dir='ltr'>modis</span> <span class='ocrx_word' id='word_1_284' title='bbox 906 4228 1052 4307; x_wconf 89' lang='lat' dir='ltr'>aptasse,</span> <span class='ocrx_word' id='word_1_285' title='bbox 1075 4227 1107 4290; x_wconf 92' lang='lat' dir='ltr'>et</span> <span class='ocrx_word' id='word_1_286' title='bbox 1128 4244 1240 4290; x_wconf 90' lang='lat' dir='ltr'>versus</span> <span class='ocrx_word' id='word_1_287' title='bbox 1253 4225 1431 4291; x_wconf 91' lang='lat' dir='ltr'>eiusinter·</span> 
     </span>
     <span class='ocr_line' id='line_1_36' title="bbox 260 4329 1432 4413; baseline 0 -16"><span class='ocrx_word' id='word_1_288' title='bbox 260 4331 339 4397; x_wconf 93' lang='lat' dir='ltr'>dum</span> <span class='ocrx_word' id='word_1_289' title='bbox 359 4349 428 4396; x_wconf 91' lang='lat' dir='ltr'>non</span> <span class='ocrx_word' id='word_1_290' title='bbox 447 4329 510 4393; x_wconf 87' lang='lat' dir='ltr'>nisi</span> <span class='ocrx_word' id='word_1_291' title='bbox 530 4329 616 4394; x_wconf 92' lang='lat' dir='ltr'>locos</span> <span class='ocrx_word' id='word_1_292' title='bbox 638 4348 826 4394; x_wconf 90' lang='lat' dir='ltr'>communes</span> <span class='ocrx_word' id='word_1_293' title='bbox 848 4331 1034 4411; x_wconf 91' lang='lat' dir='ltr'>continere,</span> <span class='ocrx_word' id='word_1_294' title='bbox 1055 4329 1110 4413; x_wconf 89' lang='lat' dir='ltr'>qui</span> <span class='ocrx_word' id='word_1_295' title='bbox 1131 4334 1249 4412; x_wconf 83' lang='lat' dir='ltr'>poetae</span> <span class='ocrx_word' id='word_1_296' title='bbox 1270 4334 1378 4397; x_wconf 90' lang='lat' dir='ltr'>aetate</span> <span class='ocrx_word' id='word_1_297' title='bbox 1400 4336 1432 4397; x_wconf 85' lang='lat' dir='ltr'>et</span> 
     </span>
    </p>
   </div>
   <div class='ocr_carea' id='block_1_3' title="bbox 261 4434 1429 4522">
    <p class='ocr_par' dir='ltr' id='par_1_5' title="bbox 261 4434 1429 4522">
     <span class='ocr_line' id='line_1_37' title="bbox 261 4434 1429 4522; baseline -0.001 -17"><span class='ocrx_word' id='word_1_298' title='bbox 261 4441 336 4506; x_wconf 90' lang='lat' dir='ltr'>ante</span> <span class='ocrx_word' id='word_1_299' title='bbox 358 4456 433 4502; x_wconf 93' lang='lat' dir='ltr'>eum</span> <span class='ocrx_word' id='word_1_300' title='bbox 455 4434 764 4500; x_wconf 77' lang='lat' dir='ltr'>circumferrentur?</span> <span class='ocrx_word' id='word_1_301' title='bbox 795 4435 861 4502; x_wconf 89' lang='lat' dir='ltr'>Sed</span> <span class='ocrx_word' id='word_1_302' title='bbox 883 4435 964 4502; x_wconf 90' lang='lat' dir='ltr'>haec</span> <span class='ocrx_word' id='word_1_303' title='bbox 984 4435 1150 4504; x_wconf 89' lang='lat' dir='ltr'>hactenus.</span> <span class='ocrx_word' id='word_1_304' title='bbox 1177 4434 1300 4504; x_wconf 89' lang='lat' dir='ltr'>Omitto</span> <span class='ocrx_word' id='word_1_305' title='bbox 1323 4455 1429 4522; x_wconf 88' lang='lat' dir='ltr'>porro,</span> 
     </span>
    </p>
   </div>
   <div class='ocr_carea' id='block_1_4' title="bbox 0 0 1706 5056">
    <p class='ocr_par' dir='ltr' id='par_1_6' title="bbox 0 0 1706 5056">
     <span class='ocr_line' id='line_1_38' title="bbox 0 0 1706 5056; baseline 0 0"><span class='ocrx_word' id='word_1_306' title='bbox 0 0 1706 5056; x_wconf 95' lang='lat' dir='ltr'> </span> 
     </span>
    </p>
   </div>
  </div>
 </body>
</html>
