3382 5056
838 533 877 596 58

264 733 381 781 causae
408 733 506 781 causa
526 733 612 779 nexa
632 731 703 778 rem
724 733 763 777 ex
794 732 830 778 se
862 713 981 795 gignat.
1018 714 1065 779 Ea
1087 719 1136 781 est
1158 735 1198 782 ex
1221 715 1311 782 omni
1333 720 1440 783 aeter-

264 819 366 886 nitate
388 821 492 887 fluens
513 819 635 885 veritas
656 819 888 900 sempiterna”.

307 925 409 1005 Quum
439 926 542 990 moltis
570 925 691 1007 flexus.-
722 923 815 988 Disce
845 927 997 989 mortem.
1028 924 1116 990 Meta
1136 925 1326 1008 saepissime
1344 946 1439 992 usur-

264 1034 361 1114 patur
381 1051 441 1112 pro
461 1029 622 1111 termino,
654 1032 686 1095 et
708 1029 867 1094 terminus
891 1049 951 1111 pro
973 1029 1061 1096 vitae
1082 1031 1168 1109 fine;
1190 1033 1227 1096 cf.
1250 1031 1325 1098 Sen.
1338 1035 1440 1110 (cons.

265 1137 309 1202 ad
329 1137 426 1202 Marc.
450 1137 520 1216 19);
546 1135 706 1214 „Excessit
726 1135 810 1200 filius
832 1137 906 1200 tuus
930 1135 1117 1201 terminos''.
1130 1172 1166 1182 -
1188 1136 1254 1202 Sen
1276 1139 1340 1218 (ep.
1354 1139 1439 1213 lOltz

269 1242 360 1321 „Stat
390 1241 522 1324 quidem
549 1241 708 1305 terminus
726 1240 830 1321 nobie,
852 1240 909 1306 ubi
940 1241 1030 1305 illum
1063 1241 1271 1308 inexorabilis
1297 1241 1440 1308 fatorum

193 1425 196 1432 ι
265 1346 441 1412 necessitas
462 1345 574 1409 finxit:
596 1345 654 1411 sed
676 1364 773 1410 nemo
794 1346 854 1410 scit
865 1349 1025 1427 nostrum,
1044 1366 1144 1429 quam
1155 1367 1258 1431 prope
1269 1349 1439 1413 versetur''

159 1532 160 1536 Ἰ
267 1455 325 1519 cet.
358 1451 525 1533 Virgilium
545 1450 638 1526 (Aen.
659 1451 715 1516 lib.
741 1451 785 1514 10.
808 1470 854 1516 vs.
876 1450 968 1526 nn:

790 1651 797 1667 .
820 1653 825 1665 .
848 1655 855 1670 .
879 1655 886 1670 .
912 1605 1029 1684 ,etiam
1052 1608 1110 1672 tua
1130 1607 1242 1672 Turne

387 1713 469 1777 Fata
491 1715 629 1792 vocant,
651 1713 821 1794 metasque
843 1712 911 1776 dati
931 1713 1081 1794 pervenit
1102 1712 1145 1777 ad
1165 1713 1318 1778 aevi”.-

305 1865 457 1930 Eundum
479 1865 573 1941 (Aen.
596 1866 649 1930 lib.
673 1865 710 1929 n
731 1885 776 1931 vs.
798 1866 891 1942 blot:
919 1866 998 1944 ,Hic
1008 1866 1068 1931 tibi
1078 1867 1191 1932 mortis
1203 1869 1298 1933 erant
1308 1869 1438 1933 metae''

267 1971 285 2035 i.
310 1991 338 2037 e.
359 1991 467 2051 mora,
490 1991 575 2054 quae
596 1975 685 2036 meta
707 1975 739 2038 et
760 1971 833 2036 finis
855 1974 911 2037 est.

305 2077 379 2141 Non
411 2075 539 2140 difficile
570 2095 631 2142 nec
662 2077 826 2158 ingratum
855 2080 903 2141 est
925 2077 1082 2143 excedere
1102 2078 1189 2143 vita:
1214 2077 1438 2157 „Contemnite

268 2184 428 2261 mortem,
461 2201 545 2264 quae
576 2202 634 2247 vos
668 2186 725 2248 aut
755 2183 826 2248 finit
855 2186 912 2248 aut
942 2183 1098 2249 transfert
1111 2185 1169 2262 45).
1209 2184 1296 2250 Ante
1328 2185 1438 2250 omnia

266 2287 337 2352 cavi
370 2286 463 2368 (deus
493 2288 630 2370 inquit),
652 2308 694 2353 ne
725 2288 797 2371 quis
825 2308 884 2353 vos
904 2291 1031 2354 teneret
1052 2289 1187 2368 invitos;
1210 2293 1301 2372 patet
1322 2291 1436 2356 exitus
1567 2279 1569 2284 ¹

267 2391 302 2458 Si
333 2411 482 2475 pugnare
513 2413 580 2458 non
603 2393 718 2474 vultis,
740 2394 814 2460 licet
834 2394 955 2476 fugere.
987 2388 1129 2477 ldeoqde
1151 2412 1191 2459 ex
1213 2395 1365 2461 omnibus
1387 2415 1439 2462 re-

268 2498 348 2578 buS,
388 2517 471 2580 quas
508 2518 579 2564 esse
609 2499 701 2563 vobis
733 2499 932 2565 necessarias
963 2499 1070 2580 volui,
1101 2499 1183 2564 nibil
1212 2501 1277 2578 feci
1308 2500 1440 2580 facilius

267 2623 361 2686 quarn
392 2605 483 2666 mori.
524 2604 633 2668 Prono
656 2604 801 2668 animam
832 2604 901 2668 loco
930 2604 1044 2686 posui:
1075 2604 1226 2669 trahitur.
1267 2605 1437 2671 Attendite

267 2707 384 2786 modo,
417 2711 450 2772 et
469 2708 640 2786 videbitis,
663 2727 763 2790 quam
783 2709 892 2774 brevis
914 2709 956 2773 ad
977 2709 1181 2787 libertatem,
1205 2712 1237 2773 et
1261 2729 1360 2792 quam
1383 2730 1438 2776 er-

266 2812 397 2895 pedita,
429 2813 527 2878 ducat
557 2813 630 2878 via”
659 2813 747 2893 (Sen.
770 2815 811 2878 de
831 2833 921 2896 prov.
943 2815 984 2891 ὃς
1017 2813 1053 2878 cf.
1076 2813 1150 2878 Sen.
1175 2814 1215 2879 de
1236 2815 1286 2880 ira
1306 2815 1357 2879 tlt.
1382 2817 1440 2891 15).

269 2917 358 2996 „Hoc
390 2917 562 3000 affigamus
594 2919 724 2998 anime,
753 2920 814 2984 hoc
835 2919 929 2983 nobis
950 2919 1089 2984 subinde
1111 2919 1275 2985 dicamus:
1298 2921 1440 2985 Morien-

269 3023 347 3088 dum
371 3025 429 3089 est.
452 3023 611 3105 quando?
632 3024 711 3106 quid
731 3027 815 3089 tua?
846 3025 932 3088 Mors
954 3028 1091 3089 naturae
1113 3026 1164 3089 lex
1186 3028 1254 3105 est,
1276 3045 1364 3090 mors
1382 3026 1440 3090 tri-

268 3129 383 3193 butum
408 3129 615 3211 officiumque
637 3131 834 3207 mortalium,
856 3131 1083 3212 malorumque
1098 3130 1244 3195 omnium
1256 3130 1439 3196 remedium

268 3237 326 3298 est.
375 3233 510 3316 Optabit
546 3235 651 3312 illam,
684 3234 828 3316 quisquis
860 3235 962 3299 timet.
1006 3234 1165 3299 Omnibus
1198 3235 1344 3317 omissiS,
1379 3238 1442 3302 hoc

267 3357 390 3415 unum,
423 3339 467 3402 mi
498 3338 619 3418 Lucili,
653 3338 832 3416 meditare,
868 3358 909 3403 ne
941 3339 1055 3404 mortis
1086 3359 1208 3404 nomen
1229 3341 1440 3406 reformides:

268 3443 359 3508 effice
380 3443 469 3507 illam
489 3443 549 3506 tibi
570 3444 765 3525 cogitatione
787 3445 889 3508 multa
910 3443 1124 3509 familiarem:
1145 3449 1182 3509 ut
1203 3445 1229 3509 si
1252 3446 1299 3510 ita
1310 3446 1440 3527 tulerit,

266 3547 370 3628 possis
405 3548 449 3612 illi
480 3548 533 3612 vel
563 3549 695 3614 obviam
721 3549 829 3613 exire”
862 3549 948 3626 (Son.
982 3553 1107 3630 quaest.
1128 3552 1194 3616 nat.
1217 3551 1236 3615 l.
1257 3551 1278 3614 6
1298 3551 1332 3614 in
1352 3551 1440 3630 fine).

311 3650 415 3732 ,Nihil
436 3653 535 3718 habet
557 3653 645 3736 quod
666 3657 793 3735 speret,
826 3673 923 3736 quem
945 3657 1094 3719 senectus
1119 3654 1207 3720 ducit
1228 3656 1272 3721 ad
1292 3658 1440 3722 mortem.

268 3757 351 3823 Huic
382 3758 439 3823 uni
470 3758 626 3824 intercedi
656 3778 722 3823 non
743 3761 859 3841 potest.
902 3760 997 3824 Nullo
1019 3778 1138 3841 genere
1158 3760 1297 3826 homines
1316 3763 1442 3827 mollius

267 3865 467 3943 moriuntur,
488 3863 542 3929 scd
562 3885 618 3928 nec
638 3863 777 3929 diutiuc”
799 3863 885 3937 (Seu.
908 3885 956 3946 ep.
979 3864 1041 3946 30).

312 3968 384 4047 ,Vis
416 3969 572 4035 adversus
603 3970 664 4034 hoc
697 3989 813 4052 corpus
833 3970 915 4034 liber
936 3973 1033 4034 esset
1055 3973 1225 4053 tamquam
1245 3959 1442 4053 migraturus

267 4076 330 4140 boc
351 4073 482 4155 habita,
503 4092 650 4156 propone
671 4074 730 4139 tibi
749 4074 1020 4157 quandoqueboc
1032 4075 1243 4141 contubernio
1255 4078 1441 4158 carendum;

268 4179 382 4244 fortior
402 4179 464 4244 eris
486 4180 528 4245 ad
549 4179 776 4246 necessitatem
798 4181 947 4246 exeundi.
984 4181 1049 4248 Sed
1072 4183 1352 4264 quemadmodum
1363 4204 1441 4250 suus

268 4285 342 4350 fmis
372 4284 482 4350 veniet
514 4289 549 4350 in
579 4288 744 4366 mentem,
777 4286 888 4352 omnia
919 4288 989 4352 siue
1019 4287 1084 4353 fine
1114 4287 1441 4370 concupiscentibus?

269 4389 397 4460 Nullius
417 4391 466 4460 rei
488 4390 657 4461 meditatio
678 4394 748 4462 tam
768 4392 953 4462 necessaria
975 4395 1042 4462 est”
1062 4393 1151 4475 (Seu.
1173 4413 1224 4482 ep.
1246 4395 1307 4480 70).
1408 4450 1409 4454 ,
