3382 5056
807 509 848 574 64

248 691 365 773 poeta:
391 689 493 768 „Quid
514 693 665 770 aegrotus
687 707 845 772 mnquam
860 689 1422 773 somniavit,quodphilosophorum

250 794 366 877 aliquis
390 813 458 858 non
478 794 634 873 dixerit'’;
655 814 723 859 uon
745 797 835 859 curat
856 795 938 859 tales
958 813 1055 860 voces
1075 814 1171 860 verus
1192 795 1424 878 philosophus,

248 920 327 967 narn
348 899 450 982 probe
471 899 531 964 scit
551 919 586 965 se
606 900 727 983 populo
748 900 876 981 placere
897 918 964 964 non
985 919 1081 982 posse
1101 919 1162 964 nec
1181 901 1273 966 velle.
1304 902 1423 981 ,Num-

249 1023 349 1087 quam
369 1040 408 1050 —
430 1005 476 1070 ita
496 1005 606 1069 scribit
627 1005 751 1069 Seneca
773 1039 812 1049 -
832 1004 919 1069 volui
940 1005 1061 1087 populo
1083 1006 1221 1086 placere,
1242 1024 1321 1070 nam
1339 1022 1425 1087 quae

249 1127 309 1190 ego
329 1109 414 1189 scio,
436 1129 503 1174 non
523 1110 642 1192 probat
661 1110 820 1190 populus;
842 1128 927 1190 quae
941 1109 1221 1191 probatpopulus,
1233 1128 1292 1191 ego
1304 1110 1422 1175 nescio.

247 1213 326 1292 Quis
346 1215 434 1281 hoc?
454 1215 570 1297 inquis.
606 1215 792 1297 Tamquam
813 1213 958 1292 nescias,
980 1214 1031 1280 cui
1052 1215 1219 1296 imperem.
1251 1215 1417 1296 Epicurus.

249 1319 315 1384 Sed
352 1319 439 1384 idern
476 1321 539 1385 hoc
576 1339 690 1384 omnes
727 1318 787 1383 tibi
828 1338 867 1383 ex
898 1319 987 1384 omni
1022 1319 1120 1384 domo
1153 1321 1425 1399 conclamabunt,

248 1423 474 1507 Peripatetici,
513 1424 719 1504 Academici,
759 1423 879 1504 Stoici,
911 1423 1032 1507 Cynici.
1085 1423 1163 1504 Quis
1193 1426 1275 1490 enim
1304 1427 1426 1508 placere

246 1536 345 1613 potest
373 1530 508 1613 populo,
539 1531 591 1594 cui
613 1529 713 1612 placet
732 1529 860 1593 mnus?
879 1529 974 1593 malis
995 1529 1120 1594 artibus
1140 1529 1307 1612 popularis
1333 1529 1427 1595 favor

251 1633 439 1718 quaeritur:
470 1633 608 1699 similem
629 1636 663 1698 te
683 1633 744 1698 illis
766 1633 866 1698 facias
884 1635 1033 1715 oportet;
1055 1653 1122 1698 non
1143 1634 1342 1715 probabunt,
1363 1634 1425 1698 nisi

250 1739 452 1822 agnoverint.
494 1739 595 1803 Multo
626 1741 736 1803 autern
770 1737 813 1803 ad
842 1757 912 1802 rem
932 1738 1036 1819 magis
1056 1738 1218 1820 pertinet,
1240 1739 1345 1822 qualis
1366 1739 1426 1804 tibi

250 1844 412 1924 videaris,
444 1862 545 1926 quam
565 1843 671 1925 qualis
693 1843 772 1908 aliis.
799 1842 972 1908 Conciliari
993 1843 1054 1907 nisi
1076 1843 1163 1925 turpi
1184 1844 1311 1909 ratione
1333 1861 1427 1909 amor

250 1949 397 2031 turpium
418 1967 486 2013 non
506 1950 622 2030 potest.
655 1947 740 2025 Quid
761 1966 838 2028 ergo
859 1946 914 2011 illa
934 1947 1089 2027 laudata,
1112 1951 1144 2013 et
1165 1949 1423 2029 omnibusprae-

249 2053 386 2118 ferenda
417 2052 541 2116 artibus
573 2051 735 2134 rebusque
767 2050 972 2134 philosophia
1003 2051 1213 2133 praestabit?
1244 2052 1362 2117 scilicet
1389 2055 1425 2116 ut

250 2158 344 2224 malis
374 2157 433 2221 tibi
464 2158 611 2240 placere,
642 2176 742 2239 quarn
773 2156 914 2238 populo:
948 2159 1005 2221 aut
1026 2157 1178 2222 aestimes
1199 2156 1334 2235 iudicia,
1356 2175 1423 2223 non

250 2281 421 2328 numeres:
452 2265 489 2326 ut
518 2261 588 2327 sine
618 2264 709 2327 metu
740 2261 876 2326 deorum
906 2261 1142 2343 hominumque
1171 2261 1283 2326 rivasz
1308 2265 1345 2326 ut
1366 2264 1423 2327 aut

250 2370 360 2434 vincas
380 2367 488 2446 mala,
510 2369 565 2431 aut
588 2366 692 2432 finias.
725 2365 877 2431 Ceterum
899 2367 926 2430 si
936 2369 969 2430 te
979 2365 1091 2431 videro
1103 2366 1263 2431 celebrem
1274 2367 1424 2432 secundis

250 2473 383 2537 vocibus
407 2471 514 2554 vulgi,
535 2471 563 2536 si
584 2471 727 2537 intrante
747 2473 780 2536 te
802 2471 942 2552 clamor,
964 2470 1117 2552 plausus,
1139 2473 1171 2536 et
1191 2471 1425 2552 pantomimica

251 2580 445 2642 ornamenta
476 2575 735 2657 obstrepuerint3
764 2575 791 2639 si
812 2578 881 2640 tota
902 2575 1031 2640 civitate
1052 2575 1193 2640 feminae
1213 2578 1246 2639 te
1266 2576 1424 2659 puerique

250 2681 474 2748 laudaverint:
496 2680 609 2763 quidni
631 2700 689 2763 ego
711 2679 758 2744 tui
779 2679 951 2761 miserear,
973 2699 1047 2745 curn
1068 2680 1178 2761 sciam,
1200 2700 1286 2762 quae
1307 2681 1361 2746 via
1382 2681 1425 2746 ad

251 2788 349 2852 istum
370 2788 516 2851 favorem
537 2785 664 2850 ierat?”
687 2788 750 2866 (ep.
771 2784 811 2849 ἓξ)
831 2784 865 2848 in
885 2784 973 2860 fine).

291 2893 365 2958 Non
389 2893 481 2957 curat
503 2891 600 2971 igitur
620 2890 831 2971 philosophus
853 2888 1072 2972 quidcumque
1094 2889 1312 2956 conviciorum
1333 2890 1368 2954 in
1388 2909 1423 2956 se

251 2998 368 3078 ingerit
397 2996 531 3078 vulgUS,
561 3014 638 3060 nam
673 2999 801 3075 ,polhoc
831 2994 932 3070 κριτὴς
963 2994 1077 3065 παντὸς
1107 3000 1201 3058 καλοῦ
1234 2996 1422 3072 πράγματος

251 3103 355 3184 ὄχλος.
403 3102 504 3175 δίοπερ
535 3091 573 3158 ὧν
604 3098 639 3158 ἂν
670 3106 729 3159 τῶν
759 3097 882 3160 ἐπαίνων
912 3107 1115 3188 καταφρονῇς,
1156 3099 1204 3163 καὶ
1237 3106 1297 3158 τῶν
1329 3101 1426 3179 ψόγων

254 3205 457 3287 assequar,
487 3208 523 3269 ut
549 3205 659 3269 censet
679 3203 892 3285 Pythagoras.

215 3333 218 3340 ’
292 3311 332 3377 Et
362 3311 443 3375 haec
473 3308 603 3374 citanda
623 3310 722 3390 puto:
747 3306 850 3387 ,Quid
872 3309 981 3372 autern
1002 3308 1131 3374 stultius
1151 3309 1303 3389 homine,
1324 3309 1426 3373 verba

253 3418 447 3480 metuente?
467 3414 639 3494 Eleganter
660 3412 843 3478 Demetrius
864 3416 974 3477 noster
995 3415 1077 3479 solet
1098 3414 1214 3494 dicere,
1230 3413 1344 3479 eodem
1356 3413 1426 3478 loco

251 3520 313 3585 sibi
335 3539 405 3584 esse
425 3538 521 3584 voees
541 3518 782 3601 imperitorum,
805 3538 871 3600 quo
888 3521 1003 3583 ventre
1013 3518 1157 3584 redditos
1169 3519 1319 3602 crepitus.
1340 3518 1425 3598 Quid

253 3627 340 3691 enirn
351 3674 360 3706 ,
390 3624 514 3707 inquit,
545 3644 621 3690 mea
651 3623 769 3704 refert,
801 3643 929 3688 sursum
960 3624 1013 3688 isti
1043 3644 1086 3690 an
1107 3625 1260 3690 deorsum
1280 3625 1424 3690 sonent?

253 3730 387 3809 Quanta
407 3730 573 3796 dementia
594 3732 643 3794 est
662 3729 787 3804 vereri,
809 3748 851 3793 ne
867 3728 1033 3793 infameris
1044 3730 1087 3794 ab
1098 3729 1300 3795 infamibus?
1321 3729 1426 3808 Quem

253 3835 297 3901 ad
326 3836 462 3900 modurn
493 3835 616 3900 famam
648 3833 839 3899 extimuistis
872 3833 942 3898 sine
974 3853 1092 3899 causa:
1123 3834 1168 3898 sic
1193 3837 1225 3898 et
1246 3834 1320 3912 illa,
1342 3853 1426 3916 quae

252 3959 433 4022 numquam
463 3940 639 4020 timeretis,
670 3939 732 4004 nisi
757 3939 845 4003 lama
866 3939 1010 4004 iussisset
1052 3939 1219 4022 Numquid
1240 3939 1426 4004 detrimenti

253 4045 375 4112 faceret
405 4046 454 4111 vir
483 4045 608 4126 bonus,
632 4044 750 4125 iniquis
771 4045 956 4108 rumoribus
977 4063 1129 4126 aspersus
1141 4045 1175 4106 l”
1206 4045 1293 4121 (Seu.
1316 4062 1367 4124 ep.
1388 4043 1425 4108 91

254 4150 288 4215 in
308 4149 398 4228 fine).

294 4254 347 4318 Ad
367 4252 467 4319 verba
491 4253 593 4336 ,gigni
614 4253 655 4318 de
676 4253 776 4318 nihilo
797 4252 896 4332 nibil,
918 4254 952 4317 in
973 4254 1109 4319 nihilum
1126 4254 1170 4318 nil
1180 4273 1275 4334 posse
1287 4251 1425 4318 reverti'

255 4358 436 4426 notandum
458 4361 525 4440 est,
548 4359 714 4423 neminem
735 4358 776 4423 de
797 4357 938 4441 antiquis
959 4359 1159 4442 philosophis
1169 4378 1326 4441 umquam
1338 4358 1424 4439 cogi-
