3402 5056
782 501 821 565 ΒΞ

212 688 281 751 tam
304 683 462 750 accuratis
484 682 692 749 adorantium
713 680 863 762 precihus
888 700 987 762 quam
1008 680 1194 745 innocentia
1215 683 1248 744 ot
1265 677 1384 744 sancti-

213 793 281 855 tate
302 788 427 868 laetari,
449 787 689 870 gratioremque
701 786 895 862 existimare,
919 787 975 869 qui
990 785 1131 849 delubris
1144 803 1256 849 eorum
1267 803 1386 867 puram

216 897 405 975 castamque
436 896 601 971 mentem,
633 910 732 974 quarn
759 891 813 972 qui
835 890 1029 955 meditatum
1050 908 1183 955 carmen
1204 889 1386 969 intulerit‘’,

216 1001 272 1083 qui
291 1000 380 1065 locus
401 998 501 1064 etiarn
522 999 647 1080 spectat
668 996 711 1061 ad
731 1016 778 1060 vs.
800 996 837 1060 15
859 998 885 1060 dn
908 996 945 1059 16
966 997 998 1061 h.
1020 999 1078 1060 sat.

257 1106 360 1170 Versu
391 1104 431 1168 30
462 1106 495 1167 et
522 1102 754 1184 sequentibus,
783 1101 866 1166 votis
887 1101 1036 1183 turpibus
1068 1103 1100 1165 et
1127 1099 1291 1164 sceleratis
1312 1117 1387 1180 per·

218 1209 336 1277 strictis
366 1209 426 1287 (vs.
459 1208 497 1271 10
528 1210 632 1289 sqq.),
663 1208 761 1288 poeta
782 1205 815 1270 in
837 1208 914 1270 vota
934 1205 1051 1269 stolida
1072 1203 1244 1269 invehitur.
1285 1202 1388 1267 Simul

217 1317 311 1380 notat
341 1312 625 1395 superstitionem,
659 1311 710 1375 cui
734 1310 847 1392 vulgus
870 1309 1018 1374 deditum
1040 1312 1097 1374 est.
1139 1310 1220 1373 (turn
1241 1308 1292 1373 his
1314 1328 1387 1374 ver·

218 1419 307 1486 sibus
339 1417 537 1483 conferenda
568 1419 642 1480 sunt
676 1415 820 1480 Senecae
851 1415 953 1479 verba
984 1421 1044 1496 (ep.
1071 1415 1141 1491 3iir
1168 1413 1389 1496 ,Optaverunt

218 1525 329 1607 itaque
351 1521 409 1587 tibi
431 1521 494 1586 alia
514 1523 668 1604 parentes
688 1520 756 1595 tui,
778 1519 836 1584 sed
852 1539 911 1600 ego
924 1522 1037 1583 contra
1047 1519 1194 1583 omnium
1205 1518 1264 1582 tibi
1277 1537 1390 1583 eorum
1472 1530 1474 1534 '

219 1630 442 1709 contemptum
463 1629 560 1708 opto,
582 1643 722 1708 quorum
742 1625 786 1689 ilii
808 1624 966 1706 copiam’',
989 1627 1021 1688 et
1042 1623 1104 1707 (ep.
1117 1625 1168 1701 60)
1187 1625 1390 1702 „Etiamnum

219 1737 333 1817 optas,
355 1731 443 1814 quod
465 1729 524 1795 tibi
545 1731 671 1813 optavit
691 1730 800 1795 nutrix
822 1733 888 1808 tua,
908 1734 965 1794 aut
974 1731 1182 1812 paedagogus
1194 1733 1250 1794 aut
1261 1732 1390 1795 mater?

190 1917 192 1922 ,
219 1837 375 1904 Nondum
395 1835 563 1916 intelligia,
586 1837 745 1916 quantum
765 1834 842 1899 mali
852 1835 1062 1916 optaverint?
1084 1834 1127 1899 O!
1150 1854 1249 1917 quam
1260 1833 1391 1898 inimica

221 1942 316 2008 nobis
337 1943 415 2006 sunt
434 1943 512 2005 rota
533 1942 739 2005 nostrorum!
762 1959 800 2004 eo
823 1940 954 2021 quidem
974 1939 1164 2016 inimiciora,
1187 1959 1252 2022 quo
1267 1958 1392 2004 cessere

221 2045 353 2112 felicius.
394 2044 463 2110 iarn
495 2064 563 2110 non
596 2044 759 2123 admiror,
790 2044 817 2107 si
848 2044 959 2108 omnia
990 2063 1050 2108 nos
1083 2045 1230 2126 aprima
1252 2043 1393 2126 pueritia

224 2151 312 2217 mala
332 2153 532 2232 sequuntur3
553 2149 638 2214 inter
660 2148 897 2213 exsecrationes
917 2151 1093 2230 parentum
1118 2149 1307 2214 crevimus”.

348 2353 424 2432 ,Ast
446 2370 505 2434 ego
526 2351 642 2416 nutrici
664 2370 730 2415 non
751 2351 873 2416 mando
893 2354 989 2430 vota,
1007 2355 1126 2433 negato
1223 2353 1227 2366 '

343 2457 488 2541 Iuppiter
508 2457 589 2521 haec
609 2456 674 2537 illi,
696 2456 847 2538 quamvis
868 2460 901 2520 te
924 2456 1036 2522 albata
1057 2457 1208 2538 rogarit”,

264 2660 395 2726 Persius
426 2658 550 2742 inquit,
583 2678 661 2723 nam
693 2677 760 2723 non
792 2662 880 2723 sunt·
900 2660 973 2740 illa,
1004 2678 1089 2742 quae
1121 2662 1236 2742 optant
1268 2661 1343 2726 aria
1363 2664 1395 2726 et

224 2767 421 2844 matertera,
442 2764 538 2829 bona.
560 2764 646 2829 Nihil
667 2763 727 2826 illis
748 2764 831 2828 votis
854 2766 902 2828 est
924 2783 997 2828 curn
1018 2783 1084 2828 uno
1095 2765 1183 2828 bono
1196 2765 1215 2828 i.
1228 2785 1255 2830 e.
1267 2764 1395 2830 virtute.

225 2870 399 2936 Verissime
419 2869 516 2950 igitur
538 2869 584 2934 ait
604 2869 730 2933 Seneca
750 2869 784 2932 in
807 2889 856 2950 ep.
879 2868 937 2934 31:
963 2869 1071 2946 ,Bono
1093 2869 1202 2933 animo
1225 2871 1396 2953 maiepre-

227 2977 361 3052 cantur;
393 2977 426 3038 et
456 2974 483 3038 si
514 2974 563 3038 vis
596 2993 665 3038 csse
697 2973 791 3044 felix,
825 2974 903 3038 deos
924 2993 1002 3054 ora,
1024 2993 1066 3038 ne
1088 2975 1166 3057 quid
1186 2975 1245 3040 tibi
1267 2995 1307 3041 ex
1327 2976 1396 3056 hie,

227 3099 312 3163 quae
343 3081 520 3160 optantur,
543 3078 683 3142 eveniat.
723 3079 796 3143 Non
818 3081 894 3143 sunt
915 3079 977 3143 ista
998 3079 1106 3158 bona,
1129 3100 1214 3162 quae
1235 3081 1269 3145 in
1289 3085 1322 3146 te
1344 3081 1397 3146 isti

226 3187 341 3251 volunt
362 3183 511 3264 congeri3
532 3201 634 3247 unum
653 3183 778 3248 bonurn
801 3187 867 3264 est,
891 3184 979 3266 quod
999 3185 1117 3250 beatae
1138 3186 1226 3251 vitae
1247 3205 1345 3251 causa
1366 3189 1399 3251 et

228 3290 472 3356 firmamentum
493 3291 561 3354 est:
582 3289 645 3352 sibi
664 3289 794 3354 fidere''.
828 3289 857 3353 is
880 3289 940 3353 sibi
961 3289 1042 3370 fidit,
1065 3291 1120 3373 qui
1142 3292 1253 3358 omnia
1264 3295 1399 3358 externa

228 3396 325 3477 plane
345 3393 499 3474 despicit,
522 3393 578 3476 qui
600 3413 666 3458 ase
678 3393 746 3458 solo
758 3393 921 3475 dependet
933 3398 964 3458 et
977 3415 1016 3458 ex
1028 3415 1062 3460 se
1075 3397 1283 3462 nascentibus
1294 3397 1397 3462 bonis.

268 3499 371 3564 Simul
403 3498 539 3563 denotat
570 3500 667 3578 poeta
699 3518 761 3562 vss.
794 3499 882 3577 36137
905 3499 1116 3580 cupiditatem
1137 3501 1172 3565 in
1193 3501 1397 3583 appetendo,

229 3627 314 3691 quae
332 3606 439 3688 gravis
461 3607 510 3670 est
529 3604 741 3686 perturbatio
765 3605 826 3687 (De
846 3606 1146 3687 perturbationibus
1166 3608 1241 3673 ride
1262 3627 1315 3673 me
1333 3607 1397 3671 dis-

229 3714 411 3791 serentem,
432 3729 505 3792 pag.
528 3709 620 3774 3511.
642 3710 730 3787 diss)
1047 3717 1050 3722 ’

271 3817 390 3881 Versus
420 3815 457 3878 41
493 3814 594 3879 multa
625 3814 745 3894 habet,
781 3834 866 3896 quae
897 3817 1082 3897 postulant,
1115 3820 1150 3882 ut
1180 3817 1277 3900 paulo
1298 3817 1399 3881 fusius

229 3922 418 3988 tractentur.
469 3918 541 3984 Hoc
572 3919 658 3982 enim
691 3922 723 3982 ct
745 3920 919 4001 ,proximis
949 3921 1096 3986 versibus
1127 3926 1225 4003 poeta
1256 3922 1400 4004 depingit

230 4026 365 4092 stultum
396 4042 497 4106 genus
529 4025 729 4104 humanum,
769 4026 856 4107 quod
887 4028 1001 4106 petens
1033 4027 1155 4108 aliquid
1186 4046 1206 4090 a
1237 4026 1298 4090 diis
1330 4028 1400 4109 ipso

231 4131 329 4197 stulto
360 4129 459 4195 modo
481 4128 598 4211 agendi
620 4130 818 4194 contrarium
842 4130 914 4193 facit
941 4135 1039 4211 atque
1060 4134 1160 4212 optat.
1193 4131 1400 4214 Quamquam

231 4236 320 4303 stulti
351 4235 398 4301 ita
429 4236 562 4316 agentes
594 4234 672 4297 deos
706 4234 846 4299 ludibrio
869 4236 992 4300 habere
1014 4236 1184 4315 videntur,
1207 4241 1318 4302 larnen
1338 4238 1401 4302 hoc

234 4362 302 4409 non
323 4343 391 4421 est,
414 4338 456 4404 ad
477 4338 565 4420 quod
585 4338 759 4420 praecipue
780 4339 925 4405 animum
948 4340 1123 4406 attendatis
1143 4341 1249 4406 velim.
