3402 5056
831 534 870 598 35

306 711 359 776 Vs.
380 711 420 775 52
441 714 473 776 et
495 731 566 794 sqq.
588 713 705 778 acerbe
726 712 890 778 invehitur
910 715 1009 795 poeta
1030 713 1064 776 in
1085 711 1240 777 miserum
1261 711 1435 793 genushu·

265 834 422 894 manum,
454 816 542 898 quod
574 817 672 882 deum
703 837 743 881 ex
774 837 834 883 sua
862 817 1003 900 pessima
1033 821 1152 881 natura
1171 815 1282 897 fingit,
1306 818 1338 880 et
1359 815 1438 880 deos

264 920 379 984 iisdem
401 920 499 986 rebus
520 922 672 986 inanibus
694 924 727 986 et
748 921 891 987 futilibus
912 923 1086 1002 delectari,
1107 922 1226 1004 quibus
1247 941 1303 1002 se,
1324 921 1436 986 credit.

266 1025 336 1090 Hoc
357 1027 425 1105 est,
446 1045 503 1091 cur
524 1027 612 1091 stulti
634 1027 782 1091 homines
804 1027 883 1093 deos
905 1027 1109 1093 accumulare
1131 1027 1275 1092 audeant
1293 1026 1387 1090 donis
1406 1029 1438 1090 et

265 1131 476 1210 muneribus,
507 1150 647 1214 quorum
678 1151 720 1197 ne
749 1132 814 1198 ullo
847 1133 979 1215 quidem
1007 1132 1046 1196 iis
1067 1151 1149 1213 opus
1172 1135 1230 1198 est.
1265 1131 1437 1209 ,Vetemus

266 1235 366 1301 lintea
386 1238 419 1301 et
439 1235 576 1316 strigiles
597 1237 664 1300 lovi
682 1236 776 1313 ferre,
799 1240 832 1302 et
852 1238 1019 1319 speculum
1030 1240 1142 1301 tenere
1155 1236 1290 1301 lunoni’
1300 1236 1438 1312 (Seneca

266 1359 315 1421 ep.
337 1339 398 1420 95).
431 1340 465 1405 Si
488 1341 566 1422 quid
587 1344 699 1405 tamen
721 1345 813 1422 grato
836 1342 945 1406 animo
968 1341 1028 1405 diis
1050 1341 1166 1406 offerre
1187 1342 1266 1406 velis
1288 1377 1327 1387 —
1349 1340 1438 1423 quod

265 1462 333 1508 non
353 1463 485 1510 necesse
505 1448 573 1525 est,
595 1465 673 1510 nam
694 1446 787 1511 factis
808 1446 920 1528 probis
941 1451 973 1512 et
994 1451 1105 1512 mente
1126 1465 1211 1528 pura
1234 1447 1278 1510 dii
1296 1447 1438 1511 maxime

265 1550 474 1624 coluntur-,
506 1550 533 1613 si
567 1553 680 1615 tamen
711 1550 804 1614 donis
836 1551 1017 1615 manifestis
1049 1551 1128 1616 deos
1152 1551 1317 1616 honorare
1338 1551 1438 1629 veliS,

264 1658 342 1719 tune
369 1654 412 1719 da
433 1673 515 1734 puro
537 1659 569 1720 et
591 1657 645 1737 pio
669 1655 779 1720 animo
801 1674 868 1720 non
890 1657 951 1720 nisi
973 1656 1095 1720 donum
1117 1655 1282 1719 modicum
1304 1657 1338 1720 at
1359 1655 1437 1719 sirn-

264 1758 347 1840 plex.
380 1758 471 1824 Tolle
493 1761 589 1841 igitur
612 1761 652 1824 de
674 1761 804 1842 templis
825 1761 879 1826 illa
900 1781 985 1838 vasa,
1003 1780 1103 1826 aurea
1125 1765 1156 1824 et
1177 1763 1341 1840 argentea,
1353 1779 1438 1842 quae

264 1864 374 1930 fictilia
405 1870 611 1947 exceperunt.
649 1867 724 1945 llla,
746 1868 896 1949 quamvis
917 1867 1086 1948 preciosa,
1108 1866 1254 1932 animum
1277 1866 1437 1947 integrum

265 1973 298 2035 et
327 1969 554 2050 incorruptum
586 1991 653 2035 non
683 1972 847 2048 indicant3
879 1972 980 2037 reduc
999 1972 1034 2036 in
1055 1971 1202 2036 animum
1227 1971 1437 2051 „Tuberones
1532 2043 1534 2046 ,

263 2075 387 2157 ligneos
418 2075 571 2157 lectulos,
602 2095 676 2141 eum
712 2078 745 2141 in
776 2078 943 2158 publicum
973 2080 1192 2156 sterneretur,
1214 2077 1438 2158 haedinasque

265 2198 326 2260 pro
365 2181 515 2260 stragulis
557 2181 673 2262 pelleS,
705 2184 738 2245 et
770 2185 846 2246 ante
884 2182 984 2262 ipsius
1012 2181 1096 2246 lovis
1124 2182 1239 2246 cellam
1271 2181 1438 2263 proposita
1497 2182 1500 2189 '

267 2283 411 2348 convivis
431 2304 511 2348 vasa
532 2285 651 2350 fictilia.
695 2286 781 2364 Quid
802 2287 891 2351 aliud
912 2290 970 2364 est,
993 2269 1222 2368 paupertatem
1234 2287 1267 2350 in
1278 2285 1438 2366 Capitolio

267 2389 501 2454 consecrare?''
533 2390 624 2469 (Seu.
655 2411 705 2472 ep.
737 2391 797 2466 95).v
830 2390 879 2455 Ne
910 2391 1007 2472 igitur
1034 2391 1134 2456 facias
1156 2391 1292 2455 deorum
1313 2392 1438 2454 statuas

265 2511 303 2555 ex
327 2511 407 2557 auro
429 2496 462 2558 et
482 2494 641 2576 quidquid
659 2498 707 2559 est
718 2495 849 2575 metalli,
871 2514 953 2559 neve
966 2514 1079 2560 eorum
1092 2495 1199 2559 vultus
1215 2513 1294 2559 auro
1306 2494 1431 2558 oblinas

265 2601 298 2661 et
318 2597 464 2679 polluas;
490 2617 572 2676 ,non
583 2600 692 2680 potest
702 2619 742 2663 ex
752 2600 815 2663 hac
826 2599 963 2664 materia
973 2600 1082 2681 imago
1095 2599 1147 2665 dei
1159 2599 1296 2680 exprimi
1308 2598 1440 2664 similis·

264 2701 379 2784 Cogita
398 2704 488 2783 illos,
511 2723 584 2769 eum
605 2703 736 2786 propitii
757 2707 884 2784 essent,
906 2705 1018 2770 fictiles
1039 2705 1156 2770 fuisse’'
1191 2705 1278 2781 (Son.
1301 2723 1351 2784 ep.
1372 2702 1437 2779 31).

303 2807 399 2873 Hanc
425 2809 491 2872 fere
512 2809 578 2873 vim
601 2813 633 2873 et
653 2811 850 2874 sententiam
870 2810 905 2873 hi
925 2829 1037 2875 versus
1058 2810 1178 2874 sa-75
1198 2809 1341 2886 habent;
1362 2809 1439 2872 sunt

263 2913 376 2976 tamen
398 2914 497 2978 verba
518 2913 682 2995 quaedam
703 2917 736 2978 et
757 2914 926 2993 formulae,
947 2933 1032 2996 quae
1054 2915 1195 2995 exigunt,
1206 2917 1243 2978 ut
1254 2912 1437 2994 diligentius

264 3033 304 3082 ea
323 3017 517 3082 intueamur.

304 3123 448 3204 Castigat
467 3127 566 3204 poeta
585 3143 632 3187 vs.
653 3123 774 3214 52—54
794 3123 1014 3204 cupiditatem,
1033 3142 1117 3205 quae
1129 3126 1255 3187 estuna
1267 3142 1284 3187 e
1296 3122 1437 3203 quatuor

263 3227 430 3311 affectibus
454 3228 521 3292 sive
542 3228 843 3310 perturbationibus
857 3227 916 3308 31).

302 3331 372 3396 lam
402 3332 529 3413 pridem
560 3332 700 3396 vidimus
736 3350 849 3396 omnes
878 3332 1013 3397 affectus
1034 3350 1104 3397 esse
1125 3335 1233 3396 motus
1254 3331 1322 3396 sive
1343 3328 1438 3408 ὁρμὰς

262 3439 433 3502 nascentes
454 3437 697 3520 phantasiam
717 3437 824 3501 bonae
845 3436 897 3500 vel
908 3438 1015 3501 malae
1026 3437 1172 3502 obiectae
1183 3437 1232 3508 (cf.
1248 3438 1281 3500 11
1295 3436 1327 3500 h.
1339 3435 1436 3513 diss).

260 3542 440 3607 Phantasia
460 3542 527 3605 sive
549 3542 654 3606 visum
679 3541 699 3606 i.
712 3562 739 3606 e.
761 3541 868 3623 imago
889 3561 1018 3621 rerum,
1041 3562 1126 3625 quae
1147 3543 1258 3606 animo
1279 3540 1437 3618 insident,

262 3650 319 3711 aut
349 3666 464 3712 verum
495 3649 552 3710 aut
581 3646 696 3710 falsum
720 3650 777 3711 est.
809 3646 930 3712 Verum
951 3650 1000 3712 est
1020 3648 1145 3728 visum,
1166 3648 1193 3711 si
1213 3647 1335 3711 utimur
1356 3644 1438 3710 duce

261 3753 400 3831 ratione,
431 3770 509 3815 nam
531 3750 615 3815 ratio
636 3751 782 3832 sequitur
803 3755 957 3815 naturam
977 3751 1029 3815 vel
1050 3751 1188 3815 imitatio
1210 3755 1348 3815 naturae
1369 3752 1437 3829 est,

262 3856 443 3939 eademque
464 3865 524 3919 nos
546 3856 639 3920 docet
659 3855 749 3919 bona
770 3874 813 3919 an
834 3856 921 3920 mala
943 3874 995 3920 res
1018 3856 1068 3920 sit.
1090 3856 1203 3919 Visum
1220 3854 1337 3920 salsum
1348 3855 1400 3919 vel
1410 3854 1438 3919 si

261 3960 365 4025 mavis
396 3979 533 4042 pravum
567 3963 635 4038 est,
667 3960 694 4024 si
726 3963 850 4041 pugnat
871 3963 984 4025 eontra
1005 3961 1185 4040 rationem,
1206 3960 1303 4040 igitur
1324 3962 1437 4024 eontra

261 4069 423 4130 naturam.
456 4066 555 4130 Ratio
576 4065 673 4145 igitur
694 4065 851 4128 diiudicat
871 4065 997 4147 prime,
1019 4068 1130 4130 utrum
1151 4084 1222 4144 res,
1249 4083 1334 4146 quae
1355 4064 1436 4129 obii-

262 4170 353 4247 citur,
373 4170 462 4235 bona
483 4190 526 4235 an
549 4170 644 4249 mala,
661 4169 814 4248 seeundo,
825 4173 934 4234 utrum
946 4169 1121 4251 phantasia
1132 4169 1199 4234 sive
1210 4171 1318 4252 imago
1329 4170 1437 4235 bonae

261 4275 409 4340 malaeve
439 4275 505 4354 rei,
537 4278 626 4338 reeta
658 4293 701 4338 an
722 4293 826 4355 prava
846 4274 896 4338 sit.
928 4273 962 4340 Si
984 4293 1064 4340 vera
1085 4277 1134 4339 est
1153 4275 1348 4356 phantasia,
1369 4293 1436 4339 non

262 4379 423 4445 nisibeno
444 4379 463 4443 i.
476 4399 502 4444 e.
524 4379 678 4444 virtutem
701 4383 732 4443 et
754 4398 812 4458 ea,
834 4398 919 4460 quae
941 4399 1015 4444 cum
1036 4379 1155 4446 virtute
1176 4383 1261 4462 sunt,
1275 4382 1435 4462 concupis-
