3402 5056
815 527 852 590 14

248 707 359 774 omnia
378 709 541 790 permeet,
563 710 596 771 et
616 707 654 772 iis
676 726 710 769 se
731 706 866 772 misceat
880 707 938 784 ¹⁹).
973 705 1064 771 Hanc
1084 702 1256 769 materiam
1279 701 1423 784 corporis

249 811 351 878 divini
372 812 472 878 Stoici
493 811 620 878 aethera
640 812 818 876 censebant
840 831 910 876 esse

292 917 333 983 Et
352 935 422 983 rem
442 921 474 982 et
494 936 615 982 nomen
636 917 695 981 sibi
720 919 946 981 assumserunt
967 915 1008 979 ab
1026 914 1208 992 Aristotele,
1231 913 1286 995 qui
1298 916 1430 994 praeter

255 1024 395 1104 quatuor
416 1022 578 1090 elementa
595 1040 697 1087 unam
708 1021 890 1101 materiam,
912 1020 1122 1097 subtiliorem,
1144 1018 1309 1098 leviorem,
1327 1037 1428 1100 pene-

255 1127 456 1194 trabiliorem
483 1128 631 1207 finxerat,
656 1127 807 1209 quintam
829 1125 939 1201 οὑσίαν,
962 1144 1062 1208 quem
1082 1125 1191 1189 medio
1212 1143 1294 1190 aevo
1317 1123 1428 1206 quint-

254 1232 429 1298 essentiam
459 1232 656 1297 vocitabant.
690 1232 784 1296 Hanc
813 1231 988 1297 materiam
1009 1231 1042 1294 in
1064 1249 1160 1295 suurn
1181 1249 1276 1293 usum
1294 1247 1429 1293 conver·
1525 1313 1527 1320 y

259 1340 370 1402 terunt
390 1336 497 1402 Stoici.
529 1335 607 1401 lnde
629 1335 682 1401 dei
703 1355 842 1418 corpus,
863 1335 974 1400 omnia
994 1353 1186 1416 pervagans,
1208 1333 1275 1397 vim
1297 1332 1429 1396 vitalem

253 1441 448 1518 infundenS,
470 1441 591 1506 formas
612 1440 802 1522 impertiens
823 1441 884 1505 sibi
905 1439 1090 1505 efficiebant
1151 1439 1205 1503 llle
1228 1439 1342 1502 aether
1358 1436 1426 1502 sive

253 1545 353 1625 deae,
376 1545 420 1610 ibi
441 1548 569 1611 tanturn
590 1564 700 1627 purus
721 1544 852 1612 lucidus.
875 1544 1093 1620 tenuissimus,
1116 1543 1294 1607 mobilitate
1316 1542 1429 1624 vigens

255 1650 370 1716 obvius
391 1653 459 1730 est,
480 1650 536 1713 ubi
557 1650 705 1715 nondum
726 1649 885 1714 materiae
908 1669 942 1714 se
964 1648 1154 1725 admiscuit,
1176 1647 1272 1730 igitur
1282 1647 1316 1711 in
1327 1641 1430 1712 remo·

252 1755 383 1821 tissimis
405 1755 590 1834 regionibus
612 1755 770 1835 universi,
793 1756 1165 1836 extraorbemquatuor
1181 1751 1427 1833 elementorum,

254 1860 343 1925 unde
372 1879 432 1942 per
457 1861 567 1925 omnia
588 1860 768 1940 elementa,
789 1880 849 1941 per
870 1860 1028 1924 universa
1051 1861 1207 1940 penetrat.
1241 1857 1296 1922 llle
1317 1858 1431 1923 aether

254 1965 351 2047 igitur
372 1966 405 2031 in
426 1965 520 2030 nobis
541 1965 707 2044 omnibus,
729 1966 762 2029 in
784 1965 936 2030 omnibus
959 1964 1155 2030 animalibus
1177 1966 1275 2044 atque
1285 1963 1426 2044 plantis,

256 2071 396 2153 denique
417 2070 450 2134 in
471 2072 540 2134 toto
560 2069 712 2134 universo
733 2071 836 2152 magis
857 2071 1007 2136 minusve
1027 2089 1128 2152 purus
1149 2068 1254 2144 inest;
1276 2067 1334 2132 sed
1357 2067 1429 2132 ubi·

257 2195 396 2258 cumque
418 2177 486 2254 est,
507 2175 552 2239 ibi
574 2178 623 2239 est
644 2175 717 2240 vita·
751 2175 800 2240 lta
821 2176 950 2240 animus
971 2175 1122 2255 universi,
1144 2177 1255 2238 noster
1276 2173 1427 2250 animus,
1517 2223 1520 2228 >

255 2281 384 2348 animus
405 2280 615 2359 animalium,
645 2282 693 2345 vis
716 2281 821 2347 vitalis
843 2283 1033 2362 plantarum
1055 2285 1104 2346 est
1125 2279 1247 2345 aether.
1270 2278 1426 2360 11111131-

257 2390 311 2452 tur
341 2385 492 2451 omnibus
523 2386 620 2451 rebus
651 2387 765 2451 insitus
798 2391 866 2466 est,
900 2392 949 2453 est
979 2387 1082 2466 „vita”
1103 2386 1137 2450 in
1158 2388 1285 2450 natura·
1316 2383 1426 2452 Sicubi

259 2495 394 2558 aeterna
425 2490 481 2555 illa
500 2491 548 2555 vis
579 2491 731 2572 gignendi
762 2492 933 2572 deficeret,
965 2513 1016 2558 res
1047 2492 1186 2557 formam
1208 2494 1240 2556 et
1260 2509 1346 2572 quae
1367 2487 1429 2554 sibi

258 2597 391 2679 propria
420 2581 540 2674 habet,
562 2596 743 2674 amitteret,
770 2598 804 2662 in
824 2599 996 2663 materiam
1017 2598 1175 2664 inertem,
1196 2595 1378 2662 formarum
1397 2597 1430 2658 et

258 2701 415 2766 virtutum
436 2702 618 2778 exsortem,
638 2701 727 2766 unde
748 2701 824 2765 olim
847 2703 958 2768 omnia
979 2706 1051 2766 orta
1072 2703 1166 2773 sunt,
1189 2699 1357 2766 recideret.

299 2805 393 2870 Hanc
414 2805 547 2871 obrem
568 2803 667 2870 Stoici
679 2805 777 2870 deum
788 2807 980 2889 principium
992 2805 1151 2872 rationale
1162 2804 1197 2868 in
1207 2805 1347 2870 materia
1358 2805 1427 2870 sire

257 2911 420 2980 rationem
440 2910 603 2974 vocabant
623 2910 675 2989 (11.
696 2911 778 2992 Diog
798 2913 905 2977 Laert.
927 2913 992 2976 Vll.
1016 2911 1104 2988 131);
1125 2912 1302 2992 potuerunt
1323 2909 1430 2976 dicere

258 3018 324 3082 vim
346 3015 541 3098 genetricem
562 3015 596 3079 in
617 3016 766 3082 materia.

298 3122 348 3187 Ita
378 3120 458 3184 deus
490 3120 589 3186 etiam
619 3125 737 3187 natura
769 3123 836 3190 sive
869 3123 1049 3190 communis
1081 3124 1200 3186 natura
1230 3121 1430 3202 appellatur,

260 3225 370 3310 quoad
391 3228 511 3290 natura
535 3225 583 3289 111
605 3226 713 3291 vitalis
735 3227 771 3291 in
791 3228 930 3293 materia
952 3231 1010 3292 est.
1042 3227 1122 3292 ltem
1135 3225 1432 3305 mundnsvocatur,

259 3333 338 3417 quia
357 3331 546 3396 universum
568 3330 750 3396 aedificium
771 3337 837 3408 est,
861 3333 904 3398 ad
925 3333 1014 3415 quod
1034 3330 1220 3398 faciendum
1231 3330 1432 3396 1111111111-

261 3437 374 3504 formis
396 3440 429 3501 et
449 3435 577 3501 virtutis
601 3456 716 3519 expers
738 3438 885 3503 adhibita
906 3441 963 3503 est.

300 3544 424 3609 Aether
454 3541 632 3606 maximam
663 3542 907 3609 similitudinem
938 3542 1020 3625 ignis
1051 3561 1131 3624 prae
1160 3561 1195 3606 se
1216 3541 1298 3620 fert,
1329 3559 1432 3624 quare

261 3649 455 3718 Posidonius
485 3646 589 3728 (Stob.
612 3649 676 3714 ecl.
699 3649 726 3714 1.
747 3669 778 3732 p.
800 3650 873 3731 311)
898 3651 996 3716 deum
1017 3651 1112 3714 vocat
1132 3647 1282 3731 spiritum
1303 3645 1431 3711 intelle·

261 3758 391 3838 gentem
413 3754 447 3818 11
467 3753 618 3836 igneum,
638 3754 746 3837 ipsum
766 3754 908 3822 formam
929 3774 996 3821 non
1017 3755 1215 3833 habentem,
1236 3752 1293 3817 sed
1315 3751 1349 3817 in
1361 3771 1432 3818 om·

262 3861 318 3927 nia
339 3880 374 3926 se
395 3861 577 3925 vertentem
598 3863 631 3925 11
651 3860 803 3926 omnibus
815 3882 849 3928 se
861 3861 1104 3939 assimilantem,
1125 3879 1190 3943 quo
1202 3859 1301 3924 etiam
1314 3859 1432 3924 rectius

261 3966 369 4032 nescio
391 3965 463 4048 quis
484 3965 577 4030 dixit:
599 3966 697 4031 deum
721 3986 792 4032 esse
812 3967 961 4050 spiritum
973 3987 1032 4049 per
1043 3969 1148 4033 totum
1162 3964 1432 4046 mundumpene·

263 4073 405 4136 trantem
427 4069 523 4151 (Plut.
546 4071 587 4136 de
607 4071 689 4153 plac.
711 4072 788 4153 phil.
809 4073 832 4137 1.
846 4073 887 4154 7).
913 4071 1020 4150 Quum
1032 4071 1112 4136 deus
1123 4091 1182 4153 per
1194 4088 1306 4136 omnes
1317 4069 1433 4134 mundi

262 4179 372 4258 partes
404 4175 537 4239 diffusus
567 4175 625 4254 sit,
657 4176 778 4259 quippe
809 4178 865 4261 qui
894 4178 935 4242 sit
955 4177 1111 4256 materia,
1134 4194 1219 4257 quae
1240 4193 1298 4256 per
1319 4194 1433 4240 omnes

264 4278 418 4346 materias
450 4283 613 4361 permeat,
645 4282 735 4347 nulla
766 4287 876 4347 autem
908 4301 949 4346 ne
980 4281 1117 4348 minima
1137 4280 1269 4364 quidem
1290 4279 1433 4344 universi

262 4385 422 4474 particula
449 4385 511 4450 deo
542 4390 661 4468 careat,
683 4388 825 4454 mundus
847 4388 996 4455 animans
1015 4387 1186 4454 habendus
1208 4388 1276 4464 est3
1298 4405 1332 4451 re
1353 4404 1432 4452 vera
