3402 5056
854 511 892 574 33

332 695 389 759 Est
408 694 603 760 vocabulum
628 693 752 770 ,ustus
774 690 862 773 quod
885 709 937 755 me
955 693 1063 768 tenei;
1086 709 1163 755 nam
1175 690 1221 755 sic
1231 691 1355 756 loeutus
1366 693 1464 772 poeta

293 799 406 864 statuit
426 799 532 880 primo
554 797 632 862 deos
654 796 816 876 orandos,
838 795 981 861 secundo
1002 795 1142 876 ἀδιάφορα
1163 795 1310 876 roganda
1331 815 1410 861 esse.

333 904 396 968 Diu
417 902 584 981 dubitavi,
606 904 716 967 utrum
739 900 878 985 quadret
902 901 935 964 in
956 900 1117 965 rationem
1138 899 1273 965 stoicam
1299 904 1376 966 vota
1394 899 1465 966 fieri

293 1027 406 1075 necne.
446 1007 508 1072 Hic
529 1026 595 1071 non
617 1007 725 1071 locum
747 1025 817 1070 esse
837 1005 921 1071 votis
944 1005 1068 1084 stultis,
1089 1005 1200 1087 qualia
1222 1025 1319 1071 versu
1329 1005 1383 1069 440
1394 1026 1464 1089 sqq.

293 1116 600 1190 commemorantur,
621 1130 680 1192 per
701 1131 736 1174 se
757 1110 953 1191 intelligitur.
975 1109 1041 1174 Sed
1061 1110 1286 1192 quaerendum
1302 1130 1372 1176 esse
1382 1111 1464 1175 mihi

293 1218 438 1298 videtur,
470 1235 550 1281 num
580 1215 688 1280 Stoico
718 1235 738 1279 a
758 1215 821 1280 deo
843 1215 1045 1296 precandum
1065 1213 1126 1295 sit,
1148 1216 1184 1279 ut
1203 1215 1309 1279 honus
1330 1213 1407 1294 fiat,
1428 1217 1465 1279 ut

292 1323 436 1404 pericula
468 1323 678 1400 avertantur,
710 1321 742 1384 et
773 1319 872 1400 talia,
904 1338 1005 1402 quum
1033 1338 1050 1384 e
1079 1318 1180 1384 libero
1201 1319 1355 1401 arbitrio,
1376 1319 1465 1401 quod

293 1427 391 1492 Stoici
422 1445 552 1508 semper
583 1426 618 1489 in
638 1443 695 1490 ore
715 1426 858 1504 habent,
892 1424 1095 1506 dependeat,
1127 1426 1235 1490 utrum
1259 1424 1331 1507 quis
1358 1424 1464 1490 bonus

291 1533 362 1597 fieri
392 1531 470 1597 velit
502 1549 625 1610 necne,
658 1533 690 1595 et
722 1551 739 1594 e
771 1531 860 1611 fato,
888 1530 967 1622 quid
988 1529 1104 1612 cuique
1125 1529 1248 1594 malum
1268 1529 1320 1594 vel
1340 1528 1464 1594 bonurn

292 1637 438 1705 accidere
459 1655 592 1701 necesse
613 1635 662 1701 sit.
706 1635 792 1714 Quid
812 1635 908 1716 igitur
928 1634 1012 1699 rotis
1038 1653 1120 1716 opus
1142 1636 1218 1699 est?

332 1743 366 1806 Si
397 1744 529 1824 poetam
560 1744 710 1805 nostrum
741 1740 819 1822 legis
852 1743 884 1805 et
913 1739 1048 1821 relegis,
1079 1739 1206 1804 videbis
1238 1758 1314 1803 eum
1344 1737 1465 1822 ubique

293 1865 426 1912 censere
448 1847 525 1911 deos
547 1865 617 1910 esse
638 1846 790 1911 orandos
822 1845 905 1910 Eum
926 1845 988 1910 hac
1007 1844 1043 1908 in
1063 1864 1098 1910 re
1110 1864 1150 1910 ex
1161 1844 1343 1909 Stoicorum
1355 1847 1466 1910 mente

291 1952 417 2032 dicere,
449 1952 503 2031 hi,
525 1970 607 2036 quos
627 1951 758 2030 inveni,
781 1951 842 2015 loci
863 1951 1058 2032 scriptorum
1079 1950 1265 2032 stoicorum,
1287 1953 1319 2016 et
1341 1969 1464 2032 eorum,

291 2057 346 2139 qui
368 2057 546 2122 sententias
578 2057 695 2121 stoicas
716 2056 837 2136 citant,
859 2059 1051 2136 coarguunt.

331 2161 433 2227 Sunt:
463 2161 554 2243 Diog.
575 2163 683 2226 Laert.
714 2161 778 2224 Vll.
810 2159 828 2241 ἓ
862 2159 938 2225 lul:
970 2159 1085 2240 εὔξεταί
1115 2181 1149 2220 τε
1181 2159 1292 2242 (φασὶν)
1322 2162 1335 2221 ὁ
1362 2157 1464 2240 σοφὸς,

290 2266 462 2343 αἰτούμενος
502 2246 546 2326 τά
583 2265 692 2338 ἀγαθὰ
723 2263 805 2339 παρὰ
836 2273 895 2324 τῶν
925 2270 1023 2338 θεῶν,
1057 2268 1141 2329 καθά
1172 2286 1241 2347 φησι
1271 2265 1464 2335 Ποσειδώνιος

290 2370 444 2451 (Stoicus)
458 2369 486 2431 ἐν
505 2379 547 2450 τῷ
560 2371 668 2449 πρώτῳ
679 2370 753 2446 Περὶ
773 2372 978 2446 καθηκόντων,
1000 2370 1049 2433 καὶ
1073 2373 1207 2433 Ἑκάτων
1219 2371 1310 2448 (item
1325 2370 1464 2447 Stoicus)

290 2474 319 2536 ἒν
339 2478 571 2554 τρισκαιδεκάτῳ
593 2476 667 2552 Περὶ
688 2476 873 2556 παραδόξων.

329 2583 455 2648 Seneca
485 2582 617 2663 ep.10:
651 2582 809 2646 Votorum
842 2582 973 2646 tuorum
1003 2581 1078 2648 licet
1099 2582 1160 2648 diis
1181 2582 1321 2665 gratiam
1341 2581 1463 2660 facias;

290 2687 353 2752 alia
374 2687 415 2752 de
435 2686 562 2768 integro
585 2686 731 2768 suscipe;
764 2705 844 2767 roga
864 2686 987 2751 bonam
1007 2691 1172 2768 mentem,
1194 2688 1317 2754 bonam
1336 2688 1463 2753 valetu-

289 2792 398 2858 dinem
420 2792 540 2872 animi‚
564 2791 682 2856 deinde
704 2791 856 2873 corporis.
889 2791 1009 2870 Quidni
1019 2795 1056 2857 tu
1067 2793 1130 2858 ista
1141 2796 1219 2859 vota
1230 2812 1328 2876 saepe
1339 2792 1462 2859 facias?

292 2898 448 2964 audacter
469 2899 568 2962 deum
591 2915 691 2978 roga,
712 2896 758 2960 nil
778 2897 868 2961 illum
891 2898 931 2962 de
953 2897 1059 2963 alieno
1081 2902 1262 2980 rogaturus.

328 3002 455 3067 Horum
476 3005 647 3066 auctorum
677 3002 845 3066 sententiis
867 3002 963 3084 igitur
974 3002 1018 3066 dii
1031 3003 1168 3085 rogandi
1179 3007 1274 3082 sunt;
1291 3003 1463 3086 praeterea

289 3109 322 3171 ei
352 3107 477 3171 Seneca
507 3106 628 3170 Lucilio
662 3125 722 3171 suo
747 3106 908 3188 suadenS,
930 3110 967 3171 ut
986 3111 1079 3189 roget
1100 3109 1223 3173 bonam
1240 3107 1462 3174 valetudinem

193 3275 196 3282 Α
289 3211 431 3292 corporis
451 3209 499 3277 'ei
525 3210 656 3276 Persius
677 3231 755 3276 usus
776 3213 935 3276 vocabulo
960 3213 1171 3295 ,Esto”,=quo
1192 3214 1312 3280 robora
1333 3213 1461 3293 nervis,

289 3318 322 3380 ei
342 3334 459 3397 corpus
480 3315 625 3381 validum
647 3316 681 3381 in
701 3319 867 3381 senectute
890 3318 998 3398 rogari
1009 3336 1075 3382 non
1083 3318 1194 3400 reiicit,
1212 3321 1349 3401 uterque
1360 3318 1461 3400 scrip·
1522 3377 1525 3381 .

288 3424 339 3485 tor
370 3420 511 3501 ἀδιάφορα
534 3420 681 3500 optanda
703 3423 802 3503 atque
826 3422 974 3502 roganda
997 3442 1066 3487 esse
1089 3425 1303 3505 comprobare
1323 3424 1461 3488 videtur.

329 3525 415 3602 Quid
435 3525 502 3589 sint
522 3524 662 3605 ἀδιάφορα
684 3525 865 3614 iamsupra
877 3526 1235 3610 demonstravimus(cf.
1246 3529 1351 3612 p.5h·
1363 3528 1462 3609 diss).

288 3629 435 3694 Breviter
466 3629 561 3694 docet
589 3629 759 3695 Helvidius
786 3631 874 3707 (Tac.
896 3631 970 3697 hisi.
991 3631 1064 3709 IV):
1090 3633 1262 3711 ,Doctores
1283 3634 1463 3716 sapientiae

288 3752 487 3815 sequamur,
513 3734 570 3815 qui
591 3735 661 3800 sola
681 3735 788 3817 bona,
809 3755 895 3819 quae
916 3737 1076 3817 honesta,
1099 3739 1186 3804 mala
1206 3740 1355 3820 tantum,
1378 3757 1462 3821 quae

288 3839 404 3921 turpia.
447 3837 655 3917 Potentiam,
694 3840 919 3922 nobilitatem,
963 3845 1136 3925 ceteraque
1174 3847 1266 3910 extra
1297 3843 1463 3924 animum,

288 3963 395 4027 neque
416 3944 530 4024 bonis,
553 3963 660 4026 neque
681 3945 775 4010 malis
796 3947 1045 4012 adnumerant'.
1132 4000 1134 4004 .

330 4049 455 4114 Suntne
477 4048 625 4131 roganda
647 4069 731 4132 quae
755 4053 847 4116 extra
869 4052 1016 4117 animum
1038 4055 1139 4117 sunt?
1170 4053 1287 4134 Aiunt,
1315 4057 1352 4118 ut
1381 4053 1463 4118 vidi-

288 4173 381 4234 muS,
414 4155 539 4220 Seneca
573 4157 606 4220 et
626 4155 756 4221 Persius
778 4156 839 4234 l.l.;
865 4157 977 4222 Cicero
998 4160 1110 4223 tamen
1131 4158 1184 4233 (de
1204 4159 1260 4223 fin.
1281 4158 1356 4240 ivl:
1382 4159 1464 4238 ,Va-

290 4259 468 4324 letudinem
488 4260 611 4326 bonam
633 4265 687 4336 (sc.
710 4261 865 4342 corporis)
888 4261 1088 4346 capetcndam
1110 4282 1181 4328 esse
1198 4267 1320 4346 negant
1330 4263 1463 4345 (Stoici),

291 4365 465 4448 eligendam
499 4364 640 4447 dicunt”,
674 4369 706 4431 et
727 4366 884 4434 Annaeus
905 4371 1016 4433 noster
1036 4373 1099 4450 (ep.
1123 4369 1196 4450 10):
1220 4370 1303 4452 ,Ego
1328 4369 1462 4435 decor·
