3382 5056
802 514 852 579 ’72

293 694 501 774 ,Quomodo‚
533 695 590 759 aut
622 692 672 758 cui
702 691 837 758 tandem
868 691 921 758 hic
951 691 1052 756 libero
1073 692 1263 775 imperabit,
1285 693 1420 776 quinon

250 802 358 879 potest
378 798 609 882 cupiditatibus
630 797 696 863 suis
719 797 908 879 imperare?
928 796 1085 862 Refrenet
1107 798 1248 879 primum
1264 798 1425 879 libidines,

251 907 385 985 spernat
424 904 628 986 voluptates,
661 901 864 968 iracundiam
895 904 1029 983 teneat,
1054 906 1203 969 coerceat
1234 904 1426 984 avaritiam,

252 1011 377 1074 ceteras
399 1008 500 1073 animi
519 1009 610 1074 labes
631 1008 783 1088 repellat:
803 1009 874 1072 tum
895 1005 1029 1090 incipiat
1052 1008 1304 1092 aliisimperare,
1324 1027 1426 1091 quum

253 1113 322 1194 ipse
354 1113 601 1195 improbissimis
636 1111 797 1193 dominis,
828 1111 979 1177 dedecori
1012 1131 1050 1177 ac
1081 1113 1274 1196 turpitudini
1304 1132 1422 1194 parere

253 1218 394 1284 desierit.
435 1219 521 1284 Duru
550 1217 682 1300 quidem
704 1217 754 1283 his
775 1217 926 1297 obediet,
947 1236 1014 1282 non
1034 1218 1135 1283 modo
1156 1219 1344 1301 imperator,
1366 1218 1424 1283 sed

253 1324 336 1390 liber
354 1324 526 1390 habendus
547 1323 680 1388 omnino
701 1342 768 1388 non
789 1323 870 1387 erit''
913 1323 991 1404 (Cic.
1012 1342 1082 1406 par.
1098 1324 1151 1397 ‘Vl

294 1429 347 1494 Vs.
379 1429 427 1494 ΞΟ.
468 1428 685 1494 Dinomaches
706 1447 797 1493 sum.
813 1477 820 1492 .
837 1475 866 1492 ..
898 1429 968 1508 cet,
990 1428 1036 1493 ait
1060 1428 1264 1507 Alcibiades,
1287 1426 1337 1492 cui
1359 1447 1427 1493 res-

255 1534 418 1618 pondetur
439 1552 459 1600 a
480 1533 633 1600 Socrate:
654 1529 719 1615 per⁹
736 1552 787 1598 me
807 1532 902 1612 licet3
923 1532 1014 1599 haud
1034 1533 1167 1612 dubito;
1190 1536 1223 1599 et
1241 1533 1268 1598 si
1278 1533 1337 1616 vis,
1348 1532 1428 1599 infla

256 1641 374 1706 buccas
405 1657 443 1704 ac
473 1639 558 1704 iacta
592 1638 769 1717 ,formosus
791 1639 893 1703 sum”.
937 1640 1094 1704 Attamen
1114 1638 1207 1704 visne
1231 1634 1333 1720 scire,
1356 1637 1428 1721 quis

256 1747 344 1812 solus
373 1744 510 1822 nobiliS,
543 1744 598 1826 qui
628 1745 715 1810 solus
747 1744 881 1825 pulcher
911 1743 970 1808 sit:
1000 1744 1151 1825 sepiem,
1173 1763 1233 1810 nec
1254 1743 1427 1826 quisquam

259 1850 349 1916 alius.
379 1849 473 1931 (Vide
500 1849 585 1932 Lips.
607 1849 682 1914 diss.
707 1849 742 1913 17
764 1849 818 1913 lib.
841 1849 881 1915 Ill
902 1848 1046 1930 manud,
1067 1849 1124 1914 ubi
1145 1850 1313 1931 complura
1333 1848 1429 1914 simul
1538 1936 1540 1942 ,

258 1954 404 2021 invenies
430 1954 621 2037 paradoxa).

299 2059 372 2138 Quo
402 2057 437 2124 in
468 2062 620 2125 contextu
647 2058 682 2123 hi
702 2078 815 2124 versus
839 2059 957 2124 lanua
977 2059 1044 2124 sint
1065 2079 1138 2125 cum
1159 2059 1430 2142 praecedentibus

163 2195 165 2199 ·
259 2183 327 2230 non
346 2164 508 2246 intellego.
538 2166 652 2248 Neque
672 2165 788 2245 video,
812 2165 890 2247 quid
911 2165 953 2231 sit
964 2166 1111 2232 versibus
1122 2167 1161 2232 23
1178 2170 1210 2232 et
1219 2163 1431 2248 sequentibus

260 2289 335 2335 cum
357 2269 524 2336 Alcibiade
547 2270 745 2353 Socrateque
766 2271 931 2354 magistro.
962 2272 1120 2338 Reddunt
1140 2290 1271 2338 versum
1292 2269 1426 2338 Catulli·

263 2395 364 2443 anum
386 2375 498 2457 (XXll.
529 2376 592 2457 nl).
1406 2371 1409 2378 ’

401 2523 467 2589 Sed
487 2542 555 2589 non
575 2522 741 2604 videmus,
763 2523 943 2604 manticae,
966 2523 1045 2606 quid
1065 2523 1100 2589 in
1121 2526 1212 2605 tergo
1234 2525 1293 2589 est.

303 2677 595 2756 (cf.Phaedr.1v.
617 2678 656 2755 6;
696 2676 776 2742 Hor.
798 2679 859 2742 sat.
881 2677 916 2741 ll.
940 2677 969 2742 3.
990 2677 1072 2755 299).

304 2783 438 2862 ,Aliena
467 2782 548 2847 vitia
575 2782 610 2847 in
642 2782 741 2847 oculis
762 2782 941 2862 habemus,
971 2785 1102 2865 atergo
1124 2785 1237 2848 nostra
1257 2781 1363 2865 sunt'’,
1387 2780 1434 2847 ait

263 2885 664 2966 Qmfflmhw

302 2994 436 3078 Triplex
456 2995 525 3070 est,
545 2993 638 3059 Plato
659 2992 694 3058 in
713 2991 849 3058 Philebo
871 2992 997 3076 inquit,
1018 2992 1068 3058 sui
1088 2992 1293 3075 ignorantia,
1314 2992 1349 3058 in
1363 2991 1434 3074 opi-

262 3100 343 3170 bus.
374 3100 408 3164 in
440 3118 594 3181 corpore,
617 3099 651 3164 in
672 3098 791 3164 animo.
827 3099 1043 3181 Neglegarnus
1065 3099 1219 3164 hocloco
1241 3099 1381 3181 primam
1403 3101 1435 3164 et

263 3205 461 3286 secundam,
491 3206 549 3270 sed
581 3223 753 3270 noscamus
785 3204 871 3269 hanc
901 3204 1033 3270 tertiam
1055 3207 1206 3286 partem,
1227 3224 1312 3288 quae
1333 3223 1394 3268 nos
1415 3222 1436 3269 a

265 3310 378 3376 ceteris
399 3310 620 3377 animantibus
642 3309 818 3391 distinguit.
841 3311 915 3390 ,Est
936 3309 1015 3374 illud
1036 3309 1168 3392 quidem
1181 3311 1232 3375 vel
1243 3309 1435 3388 maximum,

265 3415 376 3483 animo
397 3414 467 3499 ipso
490 3415 636 3481 animum
657 3414 783 3481 videre:
816 3417 849 3480 et
868 3415 1023 3480 nimirum
1046 3415 1132 3481 hanc
1150 3414 1436 3499 habetvimprae·

266 3525 395 3604 ceptum
417 3519 584 3602 Apollinis,
606 3539 671 3603 quo
692 3523 825 3599 monet,
846 3522 882 3585 ut
902 3539 938 3586 se
959 3519 1095 3602 quisque
1107 3522 1231 3587 noscat
1254 3519 1327 3585 Non
1339 3519 1435 3601 enim,

266 3627 373 3708 credo,
401 3626 436 3693 id
456 3625 614 3710 praecipit
635 3628 671 3691 ut
692 3627 841 3693 membra
863 3629 976 3692 nostra
998 3629 1056 3691 aut
1076 3628 1237 3692 staturam
1257 3626 1437 3708 figuramve

266 3752 449 3800 noscamus.
480 3732 594 3816 Neque
625 3750 684 3797 nos
717 3749 853 3812 corpora
881 3747 1013 3797 sumus:
1044 3750 1152 3815 neque
1174 3751 1254 3814 ego,
1275 3731 1335 3798 tibi
1354 3732 1438 3798 haec

267 3838 392 3920 dicens,
414 3837 541 3921 corpori
561 3839 617 3902 tuo
641 3836 721 3903 dico.
753 3837 861 3914 Quum
883 3836 988 3918 igitur,
1011 3857 1100 3902 coece
1121 3843 1149 3903 tc
1160 3837 1247 3918 dicit,
1267 3837 1329 3902 hoc
1341 3836 1437 3918 dicit,

266 3943 518 4010 nosocomum
551 3949 650 4007 tuum.
690 3942 775 4008 Nam
806 3960 923 4023 corpus
952 3941 1085 4024 quidem
1107 3941 1201 4025 quasi
1220 3961 1280 4008 vas
1301 3944 1360 4020 est,
1382 3945 1439 4008 aut

268 4049 400 4131 aliquod
421 4045 523 4114 animi
543 4046 801 4128 receptaculum:
824 4046 866 4111 ab
889 4045 999 4111 animo
1020 4048 1077 4111 tuo
1100 4045 1259 4130 quidquid
1269 4045 1384 4128 agitur,
1404 4044 1439 4112 id

269 4154 375 4238 agitur
406 4171 426 4220 a
456 4156 497 4219 te.
530 4152 628 4218 Hunc
655 4152 751 4235 igitur
773 4171 869 4218 nosse
890 4151 952 4217 nisi
974 4151 1120 4218 divinum
1142 4155 1246 4232 esset,
1267 4170 1335 4217 non
1355 4154 1440 4218 esset

268 4263 332 4328 hoc
352 4258 484 4328 acrioris
505 4258 674 4326 cuiusdam
695 4257 796 4325 animi
816 4262 1045 4342 praeceptum,
1075 4257 1121 4326 sic
1141 4261 1178 4324 ut
1198 4258 1356 4325 tributum
1377 4257 1439 4328 deo

270 4367 332 4436 sit”
367 4367 443 4448 (Cic,
464 4369 542 4435 tusc.
567 4365 594 4432 1.
615 4364 725 4448 hildo).
