3402 5056
844 525 863 586 5

263 706 495 786 interpretatus
527 707 575 768 est
605 703 805 785 Chrysippus
836 704 886 767 his
907 703 1034 768 verbis:
1067 702 1240 766 vivendum
1275 721 1344 767 esse
1367 702 1440 762 κατ’

265 807 415 887 ἐμπειρίαν
436 817 495 868 τῶν
515 809 597 889 φύσει
619 807 856 884 συμβαινόντων.
1462 807 1464 811 ’

306 914 397 979 Haec
428 913 593 992 definitio,
627 933 728 995 quum
760 913 849 977 haud
882 912 1042 993 discrepet
1063 931 1136 976 cum
1159 911 1216 990 iis,
1239 930 1320 993 quas
1341 931 1441 993 supra

268 1018 616 1098 commemoravimuS,
639 1018 803 1083 evidentia
824 1020 936 1083 tamen
957 1019 1112 1098 praestat.
1138 1015 1223 1092 Quid
1234 1016 1331 1096 igitur
1343 1036 1443 1097 agen·

270 1124 374 1188 dum?
409 1122 552 1205 Operam
583 1124 662 1188 dare
687 1123 846 1188 debemus
868 1124 904 1185 ut
926 1141 1158 1203 cognoscamus
1183 1123 1383 1202 ,naturam'',
1414 1123 1446 1186 h.

271 1251 298 1294 e.
320 1228 439 1304 deum,
461 1229 648 1306 hominem,
671 1232 823 1293 naturam
846 1247 966 1292 rerum.
998 1228 1070 1292 Hoc
1080 1227 1224 1292 studium
1235 1245 1295 1291 nos
1306 1225 1445 1305 docebit,

270 1332 348 1415 quid
369 1332 410 1396 sit
431 1333 574 1410 bonum,
597 1315 676 1414 quid
699 1334 832 1408 malum,
855 1332 933 1414 quid
955 1332 1140 1414 probabile,
1163 1331 1242 1413 quid
1257 1331 1446 1412 improban-

272 1439 359 1503 dum.
399 1437 583 1502 Vivendum
605 1441 654 1502 est
675 1438 769 1502 nobis
791 1439 833 1503 ad
854 1438 1005 1520 peritiam
1027 1456 1161 1516 eorum,
1182 1455 1267 1518 quae
1292 1435 1446 1513 „natura”

271 1541 434 1607 eveniunt.
467 1542 516 1606 En
536 1542 655 1607 iterum
675 1544 778 1607 habes
800 1543 993 1624 principium
1015 1541 1115 1621 illud,
1136 1541 1224 1623 quod
1245 1559 1350 1621 nuper
1364 1539 1446 1604 dixi-

273 1666 367 1710 mus:
389 1647 512 1711 nullam
533 1648 687 1712 virtutem
698 1666 793 1729 posse
805 1649 938 1728 cogitari
948 1648 1017 1712 sine
1033 1647 1215 1726 „doctrina”
1229 1646 1282 1724 ;in
1294 1645 1446 1709 omnibus

272 1751 369 1832 igitur
388 1752 507 1828 rebus,
528 1755 597 1816 tam
619 1753 736 1816 divinis
758 1772 858 1834 quam
879 1752 1031 1817 humanis
1053 1753 1073 1816 i.
1086 1773 1113 1817 e.
1135 1753 1168 1816 in
1184 1751 1350 1830 ,natura‘’,
1361 1768 1447 1832 quae

275 1857 364 1938 apud
396 1855 521 1921 Stoicos
548 1858 660 1923 omnia
682 1859 905 1940 amplectitur,
926 1861 1051 1923 rectam
1071 1858 1251 1934 rationem,
1274 1874 1359 1938 quae
1380 1854 1447 1919 for·

273 1965 381 2027 matur
403 1961 552 2026 doctrina
573 1963 592 2026 i.
605 1982 631 2026 e.
653 1963 867 2045 philosophia,
889 1964 1037 2028 sufficere
1053 1964 1096 2027 ad
1106 1963 1260 2027 virtutem
1273 1985 1280 2038 ;
1294 1961 1447 2024 virtutem

272 2065 369 2148 igitur
388 2069 514 2133 mutato
536 2068 669 2132 nomine
691 2088 761 2133 esse
782 2069 986 2151 sapientiam.
1019 2068 1079 2132 Hic
1100 2087 1231 2132 necesse
1252 2070 1300 2131 est
1322 2065 1447 2130 ethicae

272 2171 442 2253 physicam
473 2173 582 2237 statim
616 2172 735 2237 auxilio
756 2174 886 2248 venire,
919 2175 956 2238 ut
976 2174 1058 2238 haec
1078 2175 1166 2237 illam
1188 2174 1322 2252 doceat,
1344 2169 1448 2253 qualis

187 2351 194 2370 Ι
275 2277 316 2341 sit
338 2277 405 2342 vita
425 2281 564 2343 naturae
586 2278 653 2342 sive
676 2279 737 2358 dei,
760 2279 809 2342 cui
824 2279 991 2344 hominem
1002 2278 1182 2343 studiosum
1194 2277 1321 2342 virtutis
1332 2294 1448 2358 parere

278 2384 436 2463 oporteat.
478 2383 616 2462 Postea,
651 2403 751 2464 quum
772 2383 906 2465 physica
927 2384 1099 2448 tractanda
1120 2386 1187 2460 est,
1209 2381 1447 2464 spectabimus,

273 2506 358 2568 quae
382 2486 423 2550 sit
444 2487 527 2551 ratio
539 2488 622 2552 inter
631 2488 727 2552 deum
740 2487 807 2552 sive
819 2491 972 2553 naturam
984 2492 1017 2552 et
1027 2488 1214 2564 hominem;
1237 2488 1446 2558 cunctamen

274 2592 439 2656 monuisse
460 2595 511 2655 sat
533 2593 592 2655 erit
614 2593 754 2657 ethicam
775 2593 958 2657 Stoicorum
981 2613 1000 2656 a
1021 2593 1145 2675 placitis
1167 2594 1208 2657 ad
1228 2611 1336 2656 mores
1355 2612 1446 2673 spec·

274 2697 420 2762 tontibus
441 2698 659 2779 quorumlibet
680 2698 947 2780 philosophorum
969 2718 1007 2763 eo
1029 2699 1178 2778 differre,
1200 2697 1287 2780 quod
1307 2698 1352 2762 illi
1370 2716 1447 2761 con-

273 2802 413 2866 tendunt
433 2820 536 2865 unum
557 2802 655 2866 modo
673 2805 876 2886 propositum
888 2823 967 2882 esse,
980 2823 1045 2885 quo
1055 2803 1230 2880 tendamus
1242 2803 1445 2880 ,virtutem”.

273 2906 364 2972 Haec
385 2925 470 2985 una,
493 2907 574 2971 haec
593 2908 663 2972 sola
684 2911 752 2987 est,
775 2908 817 2972 ad
838 2929 937 2990 quam
960 2927 1071 2972 cursus
1084 2911 1132 2972 est
1144 2907 1340 2988 dirigendus
1352 2906 1442 2970 iuxta

273 3031 308 3075 se
340 3013 477 3082 alterum
511 3012 611 3076 finem
643 3033 709 3077 non
741 3013 884 3077 admittit
931 3013 1052 3077 Omnes
1073 3015 1244 3094 praeterea
1266 3012 1349 3076 aliae
1371 3031 1443 3089 reS,

273 3117 425 3181 valetudo
458 3119 556 3198 atque
589 3117 653 3181 alia
688 3118 774 3182 vitae
807 3118 980 3182 commoda
1011 3137 1076 3181 non
1099 3117 1197 3197 digna
1218 3118 1295 3180 sunt
1315 3116 1446 3180 nomine

276 3220 408 3298 ,boni”;
440 3241 479 3286 ea
511 3241 625 3286 curare
656 3242 715 3303 pcr
745 3242 858 3288 veram
890 3223 1086 3306 sapientiam
1107 3220 1277 3286 nonlicet.
1321 3219 1357 3285 ln
1378 3221 1447 3285 sola

272 3327 391 3391 virtute
411 3346 577 3391 summum
597 3329 720 3391 honum
742 3331 812 3404 est;
834 3329 952 3392 casola
964 3330 1079 3392 heatos
1090 3326 1216 3404 reddit3
1239 3329 1374 3391 externa
1389 3329 1447 3389 aut

274 3430 407 3495 fortuita
428 3431 508 3494 nihil
531 3451 591 3495 nec
613 3433 738 3496 addunt
762 3433 914 3510 felicitati,
937 3452 997 3497 nec
1018 3433 1093 3496 inde
1115 3433 1251 3496 demunt
1272 3430 1350 3500 (οὔτε
1371 3429 1446 3510 ὡφε-

275 3542 326 3612 let,
358 3537 424 3596 oica
455 3535 615 3608 βλάπτειὶ,
658 3537 748 3601 llaec
778 3538 889 3602 omnia
920 3558 986 3602 uno
1011 3539 1143 3603 nomine
1164 3536 1327 3601 vocabant
1347 3535 1446 3600 Stoici

277 3639 532 3718 „indifferentia”
554 3641 722 3721 (ἀδιάφορα)
736 3649 772 3716 ⁷).
804 3647 848 3707 nt
869 3643 996 3725 quaerit
1007 3643 1184 3725 quispiam:
1207 3640 1446 3723 quidinihilne

273 3745 357 3811 adeo
377 3745 513 3810 interest
533 3746 617 3811 inter
639 3747 761 3828 optime
784 3749 893 3813 valere
916 3752 949 3813 et
971 3748 1160 3829 gravissime
1182 3752 1371 3829 aegrotare,
1390 3749 1447 3811 aut

273 3851 357 3916 inter
378 3870 541 3915 summam
564 3851 707 3933 inopiam
732 3857 763 3916 et
785 3853 930 3917 omnium
953 3872 1061 3916 rerum
1084 3853 1238 3934 copiam?

313 3954 348 4018 Si
378 3956 441 4019 hoc
471 3975 627 4036 neges-
652 3957 698 4021 ita
732 3958 830 4022 Stoici
858 3958 1005 4040 plerique
1026 3959 1222 4036 censebant,
1244 3975 1446 4039 quamquam

274 4059 408 4141 quidam
439 4079 479 4124 ex
509 4061 547 4124 iis
578 4063 701 4126 bonum
732 4064 837 4126 solum
871 4064 1070 4144 petendum,
1092 4063 1215 4127 malum
1236 4061 1445 4143 fugiendum,

274 4167 382 4228 cetera
412 4184 471 4242 pro
503 4165 603 4231 nihilo
626 4168 780 4232 habenda
801 4187 870 4232 esse
892 4170 1082 4233 statuebant
1105 4203 1136 4212 -
1164 4167 1279 4248 dignus
1300 4168 1363 4246 siS,
1389 4167 1444 4249 qui

275 4268 424 4334 condaris
445 4270 479 4333 in
499 4271 639 4351 hospitio
659 4276 768 4338 menie
791 4275 980 4354 captorum;
1001 4273 1071 4338 sine
1093 4272 1158 4337 ullo
1170 4272 1269 4337 dubio
1282 4273 1363 4338 alter
1378 4276 1445 4336 sta·

275 4378 327 4437 tus
348 4373 441 4438 alteri
462 4377 713 4456 praeponendus
735 4382 791 4443 est.
823 4380 877 4445 Ad
898 4380 1123 4445 confirmanda
1145 4399 1194 4460 ea,
1217 4397 1302 4460 quae
1317 4376 1443 4453 scribo,
