3402 5056
514 553 521 606 t
846 551 882 614 19

274 746 403 792 summo
431 748 529 810 opere
551 730 793 796 contendebant
814 733 975 796 muudum
997 731 1085 796 omni
1107 748 1244 794 numero
1267 728 1448 810 perfectum

275 836 308 896 et
337 831 407 896 sine
428 832 506 897 vitio
528 853 617 912 esse,
639 835 723 899 ultro
752 836 976 916 quaerendum
998 835 1078 916 suit,
1099 833 1178 918 quid
1199 838 1284 898 esset
1304 833 1448 912 matum,

276 939 309 1000 et
329 955 394 1019 quo
414 937 513 1001 modo
535 942 644 1018 posset
666 938 839 1004 convenire
861 958 933 1005 cum
955 940 1010 1005 itta
1032 939 1146 1004 mundi
1157 939 1283 1004 ratione
1296 957 1448 1002 consum-

274 1044 382 1118 mata,
405 1046 438 1106 et
459 1043 511 1106 dei
533 1044 831 1124 omnipraesentia,
853 1063 938 1126 quae
960 1044 1078 1109 eadem
1099 1047 1148 1109 est
1171 1063 1209 1109 ac
1230 1043 1278 1107 vis
1300 1042 1406 1107 vitatis
1420 1042 1453 1106 in

276 1146 429 1210 omnibus
449 1149 606 1213 materiae
627 1149 785 1230 partibus.
817 1150 904 1214 Num
933 1150 1014 1213 deus
1036 1152 1161 1214 creator
1183 1148 1270 1226 mali,
1292 1167 1370 1211 num
1383 1165 1454 1211 ma·

280 1250 347 1314 lum
368 1270 444 1332 pars
465 1251 566 1332 ipsius
587 1256 725 1318 naturae
747 1273 818 1318 esse
839 1257 973 1334 potest?
1005 1253 1171 1332 Quantum
1194 1252 1236 1317 ad
1258 1251 1453 1316 matanatu·

278 1373 354 1434 rae,
375 1357 495 1421 herbas
516 1363 715 1437 venenatas,
746 1359 868 1422 bestias
889 1359 1058 1423 hominem
1079 1359 1289 1436 infestantes,
1312 1355 1454 1433 morbos

277 1459 357 1525 vitia
378 1463 540 1542 corporis,
563 1463 644 1536 alia,
668 1463 748 1527 haec
771 1463 882 1529 omnia
904 1462 1263 1542 mataessenegabant.
1286 1459 1452 1526 Concede-

278 1565 359 1630 bant
389 1566 521 1647 quidem
553 1569 634 1632 haec
665 1586 813 1632 seorsum
847 1571 993 1649 spectata
1015 1568 1104 1633 mata
1125 1566 1250 1645 videri,
1271 1566 1297 1630 si
1319 1584 1397 1630 vero
1420 1565 1453 1628 in

281 1689 438 1734 concursu
449 1671 668 1736 universitatis
680 1691 789 1736 rerum
800 1673 994 1750 habeantur,
1017 1672 1151 1736 omnino
1164 1671 1206 1736 ad
1218 1670 1449 1752 perfectionem

280 1775 394 1839 mundi
424 1775 531 1842 facere
556 1777 652 1853 (Plut.
674 1778 714 1841 de
736 1777 834 1842 Stoic.
854 1797 922 1859 rep.
939 1777 1002 1852 44).
1033 1776 1136 1841 Immo
1157 1776 1355 1854 universum,
1376 1774 1450 1839 ideo

281 1882 316 1944 ut
338 1899 377 1944 ex
399 1882 488 1944 omni
509 1886 602 1963 parte
624 1883 810 1947 absolutum
832 1885 865 1946 et
885 1882 1064 1964 perfectum
1084 1881 1300 1963 praedicetur,
1323 1881 1455 1944 cunctos

280 1984 410 2048 ordines
432 2004 570 2066 eorum,
603 1973 688 2068 quae
709 2006 866 2069 umquam
888 1987 1041 2052 exsistere
1062 1988 1217 2067 possunt,
1238 1985 1315 2048 inde
1338 2003 1358 2049 a
1378 2001 1454 2065 per-

281 2088 461 2154 fectissimis
494 2091 536 2155 ad
568 2091 790 2156 vitiosissimos
821 2111 924 2174 usque
956 2093 1108 2156 exhibeat
1139 2109 1272 2155 necesse
1295 2108 1374 2154 esso
1411 2089 1455 2152 Ut

282 2193 449 2258 comediae
479 2215 593 2259 versus
624 2197 739 2262 stultos
770 2197 935 2276 habeant,
958 2197 1016 2278 qui
1037 2196 1097 2279 ipsi
1120 2195 1251 2277 quidem
1272 2193 1350 2258 mati
1371 2192 1455 2270 sint,

284 2296 342 2360 sed
372 2298 471 2363 totius
498 2300 628 2366 fabulae
656 2301 931 2382 pulchritudinem
953 2304 1113 2382 augeant,
1135 2301 1182 2365 ita
1203 2299 1327 2364 matum
1348 2298 1455 2377 ipsum

282 2401 460 2483 vituperari
483 2424 597 2485 posse,
619 2407 677 2470 sed
698 2406 849 2471 universo
871 2406 961 2472 haud
981 2406 1093 2470 inutile
1113 2425 1183 2471 esse
1197 2405 1292 2482 (Plut.
1305 2402 1454 2468 deStoic.

281 2527 348 2591 rep.
371 2509 419 2588 37,
442 2510 515 2573 adv.
537 2509 633 2575 Stoic.
648 2509 707 2587 14).
740 2510 804 2576 Sed
826 2510 974 2592 quaestio
996 2511 1036 2575 de
1057 2511 1164 2590 mato,
1187 2509 1275 2592 quod
1296 2509 1329 2572 in
1349 2506 1455 2572 homi·

282 2632 362 2677 num
394 2614 540 2678 moribus
572 2618 621 2678 est
651 2615 720 2678 sive
748 2616 789 2680 de
810 2615 897 2679 mato
919 2615 1055 2690 morali,
1084 2614 1173 2696 quod
1194 2613 1330 2692 dicitur,
1351 2611 1454 2676 multo

282 2718 441 2783 difficilior
472 2723 540 2796 est,
573 2719 624 2783 cui
644 2720 892 2800 respondeatur.
924 2720 1007 2784 Nam
1030 2719 1092 2784 hoc
1112 2720 1236 2784 matum
1258 2718 1312 2782 vix
1334 2718 1380 2783 ita
1401 2735 1455 2782 ac·

284 2823 345 2903 cipi
366 2827 493 2905 potest,
518 2828 554 2889 ut
575 2825 721 2889 conterat
742 2824 785 2888 ad
805 2825 1039 2906 perficiendum
1050 2824 1239 2889 universum
1251 2826 1283 2887 et
1293 2821 1456 2903 pertineat

284 2927 327 2992 ad
352 2929 404 2992 dei
427 2930 548 3007 vitam,
570 2949 655 3011 quae
677 2931 710 2994 in
733 2930 826 2994 nobis
849 2933 906 2994 est.

325 3032 423 3098 Stoici
455 3034 551 3114 igitur
581 3035 633 3098 vet
658 3034 761 3098 invita
781 3034 926 3116 ipsorum
949 3034 1076 3099 ratione
1099 3053 1138 3099 eo
1160 3033 1333 3113 confugere
1354 3031 1456 3096 coacti

284 3142 379 3201 erant
408 3137 532 3201 homini
564 3138 700 3203 liberam
733 3159 803 3203 esse
824 3139 1029 3203 voluntatem
1045 3139 1104 3218 26).
1138 3136 1257 3202 Nostra
1278 3136 1347 3201 vita
1369 3136 1456 3200 enim

284 3241 385 3322 ipsius
417 3242 469 3306 dei
501 3243 568 3307 vita
603 3246 670 3324 est,
692 3243 844 3325 quicquid
867 3244 1036 3324 volumuS,
1059 3243 1184 3324 agimus
1206 3242 1286 3307 deus
1307 3241 1340 3306 in
1362 3241 1456 3304 nobis

283 3345 352 3408 vutt
374 3347 512 3428 agitque.
547 3347 633 3411 Deus
655 3350 764 3412 autem
788 3368 827 3412 ex
849 3352 984 3412 aeterna
1006 3351 1038 3412 et
1055 3347 1200 3428 perfecta
1211 3346 1359 3426 sublege,
1370 3364 1455 3427 quae

285 3455 334 3515 est
353 3457 512 3531 perpetua
533 3452 631 3516 series
653 3471 824 3517 causarum
844 3456 876 3516 et
888 3453 1070 3531 effectuum,
1082 3452 1161 3515 vivit
1172 3451 1311 3532 agitque.
1334 3449 1456 3528 Quodsi

285 3555 371 3620 mate
403 3575 423 3620 a
455 3555 549 3620 nobis
580 3556 667 3621 tacta
701 3561 732 3622 et
760 3557 914 3640 quicquid
937 3557 1132 3622 taciororum
1163 3560 1390 3637 perpetramus
1422 3553 1456 3618 in

284 3660 428 3742 perfecta
460 3661 529 3741 tege
550 3661 608 3725 t'ati
629 3661 734 3742 posita
755 3662 839 3740 sint,
871 3681 937 3726 non
966 3661 1173 3744 peccabimus
1194 3661 1311 3742 igitur;
1332 3678 1455 3724 numne

285 3783 376 3829 secus
397 3765 505 3858 tacere
526 3765 716 3844 potuimus?

324 3869 396 3933 Hac
428 3870 617 3935 ditticuttate
648 3871 848 3953 Chrysippus
880 3870 966 3952 (Aut.
999 3871 1077 3936 Getl.
1098 3874 1184 3935 noct.
1206 3873 1264 3935 att.
1286 3870 1335 3934 VI.
1357 3870 1389 3948 b)
1421 3890 1455 3936 se

285 3975 433 4039 liberavit
466 3974 576 4038 dicens
609 3975 773 4056 ingenium
802 3979 901 4058 atque
933 3976 1076 4040 indolem
1107 3976 1255 4040 nostram
1285 3975 1456 4040 tantuma

286 4080 343 4143 tati
373 4081 444 4160 tege
465 4080 510 4143 ita
532 4079 694 4144 destinata
716 4101 806 4159 esse,
835 4085 871 4146 ut
893 4081 945 4146 atii
967 4081 1037 4145 nati
1057 4081 1122 4144 sint
1143 4079 1185 4144 ad
1206 4079 1380 4160 virtutem,
1402 4079 1455 4144 atii

286 4186 329 4248 ad
349 4185 462 4249 vitium
505 4185 599 4262 Quod
621 4189 732 4250 tamen
754 4205 820 4249 non
843 4187 1034 4266 prohibeat,
1054 4186 1231 4267 quominus
1242 4185 1369 4265 modus,
1391 4204 1456 4267 quo

286 4290 423 4371 quisque
455 4296 574 4354 natura
602 4311 662 4354 sua
683 4292 716 4354 in
738 4292 859 4356 bonam
881 4292 992 4357 autin
1014 4291 1135 4356 malam
1156 4294 1284 4372 partem
1303 4289 1414 4369 utitur,
1436 4309 1456 4354 a

289 4395 391 4458 libero
435 4395 569 4459 arbitrio
603 4397 745 4477 pendeat
786 4397 859 4476 Qua
879 4397 1066 4463 defensione
1087 4396 1114 4462 si
1136 4396 1258 4462 crimen
1280 4395 1338 4461 fati
1359 4414 1455 4460 excu-
