3382 5056
832 551 871 615 83

260 700 399 795 cendum
443 733 509 809 est;
551 729 630 794 nihil
672 729 766 795 differ
798 730 832 795 in
862 729 1040 796 crastinum
1071 729 1179 810 diem,
1217 729 1307 812 quod
1337 728 1435 795 hodie

259 835 367 900 facere
388 837 491 916 potes.

382 989 531 1071 ,Optima
551 1009 701 1072 quaeque
723 989 791 1055 dies
813 989 939 1055 miseris
960 989 1154 1054 mortalibus
1176 989 1248 1054 aevi

379 1093 492 1158 Prima
512 1093 602 1176 tagit.
634 1094 783 1160 Subeunt
803 1094 932 1175 morbi,
954 1095 1119 1177 tristisque
1141 1096 1308 1172 senectus,

380 1200 420 1263 Et
441 1199 554 1278 labor,
577 1202 610 1263 et
632 1200 733 1264 durae
755 1199 841 1281 rapit
861 1200 1069 1265 inclementia
1089 1199 1212 1265 mortis.

301 1353 410 1432 Quare
432 1355 575 1438 optima?
593 1353 670 1437 quia
692 1357 793 1420 restat
814 1355 903 1438 quod
922 1355 1082 1420 incertum
1097 1356 1155 1419 est.
1177 1353 1285 1432 Quare
1297 1349 1438 1434 optima?

261 1459 340 1542 quia
369 1458 504 1524 iuvenes
535 1479 707 1541 possumus
741 1461 883 1535 discere,
914 1480 1088 1543 possumus
1120 1459 1248 1524 facilem
1270 1457 1436 1530 animum,

261 1568 295 1630 et
316 1565 424 1630 adhuc
443 1565 658 1643 tractabilem,
682 1565 724 1630 ad
747 1565 883 1632 meliora
903 1570 1112 1632 convertere:
1135 1565 1212 1647 quia
1233 1565 1295 1628 boc
1308 1565 1437 1642 tempus

261 1669 416 1735 idoneum
438 1673 487 1734 est
507 1669 693 1750 laboribus,
715 1669 870 1735 idoneum
899 1672 1061 1752 agitandis
1082 1690 1142 1753 per
1162 1669 1270 1734 studia
1291 1665 1437 1748 ingeniis,

262 1778 295 1839 et
317 1774 505 1839 exercendis
527 1793 585 1856 per
606 1793 708 1857 opera
729 1776 927 1856 corporibus.
948 1775 1043 1854 Quod
1064 1777 1233 1855 superest,
1254 1771 1384 1854 segnius
1406 1773 1439 1835 et
1538 1821 1540 1824 .

261 1877 446 1960 languidius
468 1881 525 1949 est,
547 1882 580 1943 et
599 1878 733 1962 propius
746 1899 765 1944 a
780 1880 854 1945 fine.
876 1879 989 1963 ltaque
1000 1882 1070 1945 toto
1089 1879 1151 1944 hoc
1162 1896 1298 1959 agamus
1312 1875 1437 1948 animo,

214 1994 216 1998 '
262 1987 296 2048 et
316 1982 444 2048 omissis
476 1983 519 2047 ad
540 2002 625 2065 quae
647 1983 858 2062 divertimus,
892 1985 926 2049 in
946 2004 1017 2050 rem
1038 2003 1140 2050 unam
1159 1984 1364 2048 laboremus:
1396 1999 1438 2044 ne

263 2087 349 2153 hanc
381 2088 536 2168 temporis
568 2088 780 2170 pernicissimi
813 2090 1032 2168 celeritatem,
1066 2108 1166 2172 quam
1188 2087 1340 2152 retinere
1371 2103 1439 2149 non

263 2211 454 2274 possumus,
485 2193 587 2258 relicti
620 2193 752 2258 demum
785 2195 1012 2276 intelligamus.
1043 2195 1173 2259 Primus
1198 2192 1336 2276 quisque
1356 2193 1439 2256 tam·

263 2316 364 2380 quam
396 2297 538 2378 optimus
571 2296 640 2362 dies
671 2298 818 2379 placeat,
849 2302 882 2364 et
902 2300 1069 2381 redigatur
1089 2299 1124 2364 in
1144 2300 1313 2374 nostrum3
1351 2292 1440 2377 quod

263 2401 363 2494 fugit,
393 2403 619 2484 occupandum
648 2406 697 2468 est
718 2407 787 2469 cet.
800 2453 807 2470 .
820 2453 848 2470 ..
871 2405 940 2470 ideo
960 2406 1111 2489 optimum
1132 2422 1280 2488 quemque
1299 2401 1440 2486 primam

263 2505 452 2586 essediem‚
475 2507 553 2589 quia
572 2509 714 2573 subeunt
735 2509 861 2589 morbi,
884 2509 961 2592 quia
978 2516 1117 2574 senectus
1136 2509 1265 2592 prelnit,
1290 2504 1440 2571 etadhuc

264 2611 515 2677 adolescentiam
538 2613 751 2694 cogitantibus
772 2635 872 2698 supra
893 2619 991 2698 caput
1012 2619 1077 2681 est:
1108 2614 1167 2680 sed
1188 2613 1233 2680 ait
1254 2611 1309 2694 (sc.
1332 2629 1439 2692 gram·

264 2715 420 2797 malicus,
458 2717 514 2800 qui
545 2719 620 2800 legit
656 2722 819 2801 poetam),
862 2721 1029 2804 Virgilium
1060 2740 1189 2802 semper
1219 2738 1287 2785 una
1317 2734 1440 2800 ponere
1515 2761 1518 2766 -

263 2821 396 2886 morbos
428 2827 460 2887 et
489 2827 709 2904 senectutem,
745 2845 812 2891 non
853 2827 1037 2892 mehercule
1067 2826 1249 2892 immerito:
1291 2825 1440 2889 senectus

265 2925 352 2990 enim
382 2927 572 2993 insanabilis
603 2929 736 2994 morbus
767 2934 825 2996 est.
866 2931 1062 3010 Praeterea,
1083 2930 1189 3013 inquit
1210 2929 1308 3007 (idem
1331 2945 1439 3009 gram-

137 3074 140 3078 ·
264 3029 434 3110 maticus),
477 3033 540 3098 boc
581 3035 740 3099 senectuti
771 3053 952 3142 cognomen
982 3035 1158 3119 imposuit,
1194 3033 1321 3099 tristem
1351 3032 1441 3108 illam

264 3135 380 3199 vocat”
400 3135 490 3215 (San.
514 3156 564 3218 ep.
587 3138 667 3216 108).

304 3239 514 3322 Philosophia
543 3241 586 3306 sit
615 3243 768 3309 solatium
806 3248 839 3310 et
859 3246 1060 3327 praesidium
1082 3242 1260 3326 ,senectuti
1281 3240 1441 3306 miserae'’

264 3344 489 3427 propellatque
521 3345 589 3411 eius
620 3347 767 3429 dolores,
798 3350 849 3414 nel
884 3351 1010 3416 minuat
1037 3351 1153 3415 saltem
1183 3367 1226 3425 ,ac
1257 3345 1442 3412 tolerabiles

265 3449 444 3531 reddat⁵⁶l
467 3453 524 3527 (vs.
547 3452 606 3526 65).

307 3554 359 3618 Vs.
391 3556 440 3620 66.
483 3556 608 3622 Seneca
635 3558 699 3639 (ep.
731 3560 788 3622 117
819 3560 852 3624 ln
884 3561 980 3636 fine):
1020 3563 1093 3627 Non
1114 3564 1183 3627 tarn
1204 3560 1381 3642 benignum
1404 3577 1442 3622 ac

265 3657 399 3725 liberale
431 3663 560 3744 tempus
591 3667 710 3729 natura
741 3665 835 3730 nobis
867 3665 976 3747 dedit,
1006 3669 1043 3732 ut
1065 3666 1187 3749 aliquid
1213 3685 1253 3730 ex
1273 3665 1327 3729 illo
1348 3664 1443 3728 vacet

266 3765 424 3845 perdere:
457 3769 489 3831 et
520 3767 613 3848 vide,
646 3788 745 3850 quam
776 3771 880 3836 multa
901 3772 1000 3836 etiam
1022 3763 1274 3853 diligentissimis
1295 3771 1441 3852 pereant.

312 3868 457 3952 Tempore·
486 3892 579 3955 parce
610 3893 739 3954 semper
770 3876 892 3958 ubique
923 3876 1022 3941 Stoici
1050 3877 1084 3941 in
1116 3895 1172 3940 ore
1204 3874 1443 3948 habebant⁵⁷b

308 3973 361 4038 Vs.
393 3975 521 4040 73-78.
563 3977 728 4044 Libertate
754 3999 836 4062 opus
857 3983 925 4062 est,
947 4001 1014 4046 non
1035 3981 1116 4062 hac,
1136 3999 1202 4064 qua
1226 3980 1441 4059 ,frumentum

269 4079 433 4160 publicum
461 4085 530 4148 tam
552 4083 603 4147 lur
624 4102 724 4166 quam
745 4086 893 4166 periurus
915 4090 948 4151 et
969 4087 1097 4151 adulter
1118 4086 1298 4169 accipiunt,
1320 4087 1353 4150 et
1373 4084 1443 4149 sine

268 4182 395 4248 delectu
417 4204 566 4265 morum,
592 4188 738 4270 quisquis
760 4191 836 4254 civis
858 4193 926 4256 est”
947 4191 1035 4269 (Sen.
1058 4192 1099 4256 de
1119 4192 1194 4256 ben.
1216 4189 1267 4256 lV.
1281 4190 1354 4272 28),
1385 4189 1444 4254 sed

268 4305 348 4352 vera
378 4306 438 4367 ea,
474 4308 574 4370 quam
606 4291 751 4375 quisquis
772 4295 840 4360 sive
861 4295 1012 4365 dominus
1033 4295 1101 4360 sive
1122 4313 1234 4361 servus
1255 4295 1315 4361 sibi
1336 4297 1445 4375 potest

270 4390 443 4458 vindicare.
469 4393 634 4472 ,Libertas
654 4400 821 4482 proposita
842 4403 900 4477 est,
922 4402 1048 4468 adhoc
1072 4400 1255 4483 praemium
1266 4401 1443 4478 laboratum
