3402 5056
845 534 863 597 3

264 711 409 790 Stoicos,
441 731 640 795 quamquam
663 713 775 794 negari
793 731 859 778 non
883 716 991 796 potest
1012 731 1068 777 eos
1088 710 1200 775 fecisse
1221 712 1257 773 ut
1278 708 1321 773 ad
1341 725 1437 770 suum

264 837 359 881 usum
381 836 419 880 ac
440 817 574 882 consilia
598 837 845 900 nonnumquam
867 837 919 881 res
941 817 1118 882 flecterent.

305 922 420 986 Stoicis
451 923 656 1004 philosophia
688 927 737 987 est
769 922 917 987 doctriua
948 922 1016 986 sive
1053 920 1215 997 studium,
1237 937 1302 1000 quo
1323 917 1441 980 iustam

268 1026 354 1091 vitae
376 1026 536 1091 rationem
559 1028 626 1092 sire
648 1031 754 1092 artem
776 1032 863 1093 recte
884 1013 1014 1091 vivendi
1037 1027 1199 1091 docemur.
1233 1022 1327 1099 Quod
1344 1021 1441 1103 plane

264 1131 420 1196 abhorret
441 1132 482 1196 ab
504 1132 687 1197 Aristotelis
709 1133 875 1209 instituto,
912 1152 977 1214 quo
999 1133 1124 1214 primae
1146 1131 1257 1211 partes
1278 1146 1380 1207 purae
1404 1144 1441 1189 ae

265 1254 375 1301 merae
407 1255 516 1301 rerum
548 1237 815 1318 contemplationi
848 1237 1056 1313 tribuuntur,
1079 1236 1129 1299 cui
1149 1234 1237 1298 vitae
1259 1231 1342 1296 aetio
1363 1231 1440 1294 sub-

261 1341 406 1432 jungitur
428 1346 576 1421 tanturn,
598 1363 666 1407 non
686 1344 826 1423 imperat
847 1343 905 1406 sed
927 1343 1098 1407 ministrat·

305 1447 418 1511 Ethica
449 1447 517 1511 sive
548 1468 625 1530 pars
657 1449 789 1514 moralis
818 1448 915 1529 igitur
938 1449 1025 1530 apud
1047 1447 1172 1511 Stoicos
1194 1447 1242 1508 est
1263 1441 1440 1525 praecipua

265 1571 341 1633 pars
363 1552 598 1634 philosophiae,
620 1553 720 1617 immo
742 1554 812 1644 sola
833 1553 1059 1634 philosophia,
1082 1553 1124 1616 ad
1146 1547 1437 1632 quamdefenden-

266 1656 343 1721 dam
366 1660 398 1720 et
419 1658 817 1723 confirmandamoeterae
827 1663 948 1741 partes,
965 1658 1100 1740 physica
1111 1660 1144 1721 et
1154 1656 1256 1736 logica
1267 1652 1436 1735 appositae

243 1764 350 1824 ‘sunt
382 1761 490 1825 Multis
511 1763 706 1844 imaginibus
729 1764 827 1828 Stoici
847 1764 909 1827 hoc
932 1764 1162 1844 expresserunt
1183 1780 1207 1825 e.
1221 1780 1269 1842 g.:
1293 1757 1438 1833 εὶοὰζθϋσῑ

265 1865 327 1941 γὰρ
348 1867 411 1944 ζὼῳ
432 1867 487 1932 τὴν
509 1873 689 1948 paleo-ophra
716 1869 815 1929 ἑστοῖο
835 1866 891 1944 μὲν
911 1868 961 1931 καὶ
984 1867 1088 1943 νεύροις
1108 1865 1160 1926 τὸν
1182 1862 1302 1939 λογικὸν
1322 1883 1437 1937 προσο-

265 1976 424 2046 μοιοῦντες·
448 1983 509 2042 τοῖς
529 1971 561 2034 δὲ
586 1975 773 2050 capuanae,
793 1972 827 2033 τὸ
846 1975 958 2044 ἠθικὸν·
984 1981 1022 2059 τῇ
1035 1971 1163 2059 δὲψοχῇ,
1186 1969 1221 2030 τὸ
1233 1970 1360 2049 φυσικὸν.
1376 1966 1439 2028 aliu

265 2075 426 2156 imagine:
449 2069 610 2153 ε’ίκὰζοοσιν
631 2079 715 2156 ἄγρῳ
737 2081 891 2157 παμφόρῳ
918 2075 971 2137 τὸν
992 2075 1046 2153 μὲν
1068 2073 1328 2152 περιβεβλημένον
1339 2091 1439 2150 φρογ-

265 2178 333 2256 μὲν,
354 2179 389 2240 τὸ
411 2179 542 2256 λογικὸν·
567 2180 619 2240 τὸν
640 2179 671 2242 δὲ
693 2181 818 2257 καρπὸν,
842 2181 877 2242 τὸ
898 2182 1007 2254 herulo·
1036 2182 1090 2248 τὴν
1110 2179 1142 2242 δὲ
1160 2177 1310 2256 primite&
1321 2177 1437 2252 δένδρα,

268 2282 303 2344 τὸ
325 2287 454 2364 φυσικὸν.
488 2285 537 2349 lta
557 2286 647 2366 Diog.
669 2287 776 2351 Laert.
798 2287 831 2350 in
852 2287 920 2350 vita
940 2287 1089 2351 Zenonis.
1123 2287 1194 2349 Alia
1207 2301 1438 2366 quoqueoom·

265 2389 436 2469 paratione
458 2390 624 2454 adhibita:
648 2392 685 2453 Οἰ
706 2388 737 2451 δὲ
760 2391 804 2470 ὠῴ
826 2391 912 2472 φασὶν
933 2390 1024 2458 αὐτὴν
1047 2381 1113 2451 εἶναι
1126 2391 1345 2465 παραπλήσιον·
1361 2385 1439 2465 ἐῴκει

264 2491 326 2568 γὰρ
359 2503 397 2580 τῇ
431 2492 485 2571 μὲν
517 2501 639 2574 λεκίθῳ,
664 2497 697 2564 ἦν
718 2517 793 2566 τινες
814 2495 932 2557 νεοττὸν
952 2498 1097 2576 ὑπάρχειν
1118 2497 1250 2571 λέγουσι,
1274 2493 1314 2553 τὰ
1334 2491 1436 2565 ἠθικὰ,

264 2605 307 2675 τῷ
328 2595 361 2657 δὲ
382 2604 486 2677 λευκῷ,
510 2600 526 2658 ὃ
544 2600 579 2665 δὴ
601 2606 693 2680 τροφή
716 2599 781 2661 ἐστι
803 2610 858 2671 τῆς
879 2607 1011 2676 λεκίθου,
1035 2601 1075 2661 τὰ
1096 2600 1214 2680 φυσικὰ,
1231 2597 1439 2678 τῴδὲέξωθεν

264 2701 442 2782 &capuaque
464 2704 503 2764 τὰ
526 2707 646 2779 λογικά,
671 2709 705 2768 ut
727 2708 772 2770 ait
799 2707 916 2771 Sextus
930 2706 1110 2788 Empiricus
1123 2705 1209 2785 (adv.
1223 2705 1376 2768 Mathem.
1391 2705 1437 2767 18.

266 2808 326 2886 19).
348 2809 391 2871 At
412 2829 489 2872 vero
509 2809 653 2891 Diogene
675 2811 805 2875 Laertio
829 2815 961 2876 auctore
972 2813 1059 2876 Zeno
1071 2811 1225 2875 albumen
1237 2809 1438 2891 comparavit

264 2930 337 2976 cum
360 2913 474 2992 ethica,
497 2913 641 2978 vitellum
653 2933 726 2978 eum
739 2917 883 2997 physica,
905 2917 1003 2998 quod,
1016 2934 1127 2980 annon
1140 2914 1282 2978 fideliter
1294 2913 1435 2993 exscrip-

263 3020 334 3082 tum
356 3019 406 3095 sit,
428 3019 604 3084 dubitatur.
636 3020 703 3085 Nec
726 3021 843 3086 desunt
866 3022 949 3086 aliae
961 3022 1128 3102 imagines
1141 3040 1224 3102 quas
1235 3020 1432 3082 omittemus.

304 3122 412 3200 Quum
433 3124 530 3204 igitur
550 3125 636 3188 hane
656 3126 829 3204 rationem,
851 3146 949 3208 quam
968 3126 1113 3206 singulae
1124 3124 1349 3207 philosophiae
1361 3142 1436 3202 par·

234 3301 235 3304 ¹
262 3230 313 3293 tes
339 3228 476 3293 invicem
498 3229 640 3310 habent,
672 3232 856 3310 intuemur,
889 3232 982 3297 facile
1004 3231 1175 3314 apparebit
1196 3228 1435 3311 philosophiam

181 3333 185 3340 “
264 3353 334 3396 esse
365 3333 527 3408 studium,
560 3335 628 3399 sive
661 3336 896 3418 appetitionem
928 3337 1064 3401 virtutis.
1104 3336 1302 3400 Monendum
1326 3337 1436 3397 autem

263 3437 392 3502 videtur
412 3440 578 3504 notionem
600 3442 727 3505 virtutis
739 3443 791 3507 hic
803 3438 1436 3524 quodammododessectercacommuni

264 3542 418 3625 loquendi
440 3563 508 3607 usu.
550 3546 634 3610 Nam
656 3566 722 3611 non
745 3548 902 3611 contineri
924 3549 1104 3612 actionibus
1124 3545 1269 3611 honestis
1290 3547 1435 3621 constat;

264 3646 365 3710 immo
396 3649 498 3714 multo
532 3653 634 3732 magis
667 3656 716 3718 est
737 3657 841 3717 status
864 3653 982 3733 animi,
1004 3655 1091 3718 unde
1113 3653 1256 3717 actiones
1279 3651 1435 3714 honestae

262 3751 451 3833 procedunt.
496 3755 589 3821 Hane
620 3758 721 3822 animi
753 3759 972 3823 conditionem
1005 3759 1104 3823 Stoici
1135 3758 1254 3822 vocant
1273 3755 1435 3820 rationem

263 3863 531 3923 consummatam.
571 3861 677 3939 Quum
712 3883 789 3927 vero
825 3865 866 3928 ad
888 3864 1047 3929 rationem
1069 3865 1155 3928 hanc
1175 3862 1434 3925 consummatam

262 3963 424 4041 perveniri
446 3983 512 4028 non
535 3967 634 4046 possit
648 4004 679 4011 —
697 3968 742 4031 ita
764 3973 897 4033 censent
919 3969 1017 4033 Stoici
1030 4005 1065 4012 -
1078 3969 1147 4032 sine
1170 3967 1326 4045 doctrina,
1341 3985 1435 4030 mens

262 4068 350 4144 sola,
373 4087 457 4149 quae
479 4075 616 4150 augetur
634 4073 778 4150 scientia,
800 4093 921 4137 nomen
931 4073 1060 4138 virtutis
1070 4073 1131 4137 sibi
1142 4072 1307 4136 vindicare
1319 4074 1435 4152 potest.

263 4172 371 4249 Quum
392 4175 553 4256 sapienti-r
574 4176 642 4240 sive
663 4179 764 4240 virtus
786 4199 825 4242 ex
847 4179 1027 4242 eruditione
1045 4178 1179 4242 scientia
1191 4177 1347 4259 acquisita
1358 4196 1433 4258 pro·

264 4280 362 4347 lluat.
384 4279 589 4362 philosophia
611 4282 754 4346 studium
779 4284 839 4347 erit
858 4284 1156 4365 cognoscendarum
1167 4283 1313 4347 omnium
1323 4301 1433 4346 rerum

263 4389 331 4446 lam
354 4384 537 4449 divinarum
559 4404 658 4467 quam
681 4389 908 4454 humanarum.
943 4389 1095 4455 Ceterum
1117 4407 1192 4453 mox
1213 4387 1434 4469 magismani-
