3402 5056
835 539 873 604 15

305 723 389 787 Plui·
411 721 452 787 de
473 741 541 803 rep.
563 720 659 785 Stoic.
681 719 739 784 37:
761 717 778 790 ii
799 719 845 780 dui
866 717 902 779 τὸ
923 725 1137 782 καθίστασθαι
1158 717 1205 780 ἐπὶ
1226 722 1441 783 τῶντοιούτων

266 828 399 904 δαιμόνια
420 832 529 907 φαῦλα,
552 823 581 885 ἒν
601 819 640 895 οἷς
661 832 704 902 τῷ
722 825 782 885 ὅντι
793 825 1007 900 γίγνονταικαὶ
1017 823 1179 900 ἐγκλητέαι
1189 825 1332 901 &pidaras
1349 833 1442 892 κ,τ..λ,

305 929 341 991 τὸ
371 928 404 992 δὲ
434 930 559 1010 φαύλους
580 930 721 1004 δαίμονας
742 927 774 992 ἐκ
796 935 932 1004 προνοίας
953 927 1001 990 ἐπὶ
1023 929 1079 1000 τάς
1100 931 1240 1000 τοιαύτας
1263 929 1440 1003 ἐτιστησίας

267 1040 490 1110 καθίστασθαι,
513 1042 578 1103 τῶς
595 1033 645 1097 οὐκ
667 1033 747 1095 ’ἐστιν
769 1032 914 1111 ἔγκλημα
936 1041 989 1094 τοῦ
1010 1042 1081 1096 θεοῦ,

306 1142 427 1206 Eorum
459 1142 611 1205 naturam
645 1158 706 1203 nos
739 1139 833 1204 docet
863 1140 947 1203 Plui.
980 1141 1062 1221 plac.
1094 1141 1171 1221 phil.
1203 1140 1226 1204 Ι.
1257 1141 1295 1205 8:
1328 1143 1442 1219 Θαλῆς,

266 1248 468 1322 Πυθαγόρας,
501 1246 649 1318 Πλάτων,
683 1249 718 1304 οἱ
752 1245 963 1319 Στωικοί,
997 1245 1141 1323 δαίμονας
1171 1247 1314 1326 ν’τάρχειν
1346 1246 1444 1318 οὐσίας

266 1352 402 1432 ψυχικάς,
425 1350 514 1432 quod
534 1351 632 1414 vertit
653 1351 780 1432 Lipsius
806 1349 1022 1428 „substantias
1046 1352 1219 1431 animatas,
1240 1352 1260 1416 i.
1273 1372 1298 1417 e.
1312 1355 1443 1418 animae

266 1458 300 1522 in
321 1456 458 1520 materie
478 1455 617 1533 similes,
640 1474 702 1519 usu
725 1457 758 1518 et
779 1454 844 1518 fine
866 1454 1054 1519 distantes&
1085 1455 1132 1520 uf.
1156 1456 1243 1536 16117
1257 1457 1353 1526 huius
1365 1456 1440 1522 diss.

306 1560 369 1626 Eos
390 1560 475 1625 infra
495 1561 607 1625 lunam
629 1563 661 1625 et
682 1579 781 1642 supra
803 1579 880 1625 aera
902 1561 1025 1624 versari
1049 1561 1116 1626 iarn
1137 1563 1214 1626 ante
1232 1560 1380 1630 vidimus,
1393 1561 1440 1629 Cf.

269 1686 343 1751 pag.
367 1665 403 1730 17
425 1666 456 1730 h.
480 1665 556 1730 diss.

309 1772 427 1837 Genios
459 1771 634 1854 quotannis
666 1771 718 1835 die
749 1771 851 1836 natali
884 1772 1040 1836 celebrari
1072 1771 1224 1839 omnibus
1245 1776 1360 1838 notum
1382 1779 1440 1842 est.

267 1877 329 1957 Qui
350 1876 496 1960 pluscula
517 1877 558 1942 de
579 1875 680 1958 geniis
699 1877 782 1941 scire
803 1877 901 1959 cupit,
922 1877 1072 1960 inspiciat
1088 1877 1187 1960 Lipsii
1200 1878 1292 1960 phys.
1308 1879 1327 1942 Ι.
1342 1880 1440 1946 [diss

270 1983 316 2063 19,
338 1983 386 2064 eo,
408 1981 464 2047 ubi
486 1982 651 2064 ingentem
673 1982 800 2064 copiam
821 1982 968 2047 locorum
989 1983 1142 2048 inveniet.
1168 1983 1318 2067 Plerique
1328 1988 1440 2052 tamen

267 2088 481 2170 scriptorum,
513 2106 594 2169 quos
625 2091 860 2152 commemorat
881 2087 1028 2169 Lipsius,
1056 2106 1123 2153 non
1144 2092 1220 2153 sunt
1241 2088 1360 2171 Stoici‚
1382 2092 1440 2157 sed

270 2194 298 2259 ei
319 2213 379 2277 pro
401 2193 502 2258 stoico
524 2211 622 2258 sensu
643 2192 809 2274 scripsisse
830 2193 990 2258 videntur.
1014 2189 1237 2272 Dubitandum
1259 2196 1338 2260 mihi
1349 2196 1440 2263 vide-

268 2302 340 2379 tur,
363 2317 474 2364 annon
494 2317 558 2363 vox
579 2299 686 2380 genii,
707 2317 807 2380 quarn
828 2298 959 2363 Persius
982 2304 1217 2366 commemorat
1237 2299 1272 2365 in
1292 2303 1439 2368 versibus

269 2406 288 2469 3
319 2406 378 2470 sat.
410 2404 472 2484 ΙΙΙ,
505 2403 543 2467 ΙΙ
575 2406 635 2468 sat.
667 2403 727 2483 lv,
761 2403 814 2468 151
842 2407 903 2468 sat.
925 2404 962 2484 V,
986 2405 1024 2468 19
1046 2424 1083 2469 ac
1103 2405 1143 2469 48
1164 2409 1224 2470 sat.
1246 2406 1307 2487 Vi,
1338 2407 1439 2474 stoico

268 2529 366 2575 sensu
386 2509 604 2591 intellegenda
624 2509 675 2573 sit.
710 2507 811 2573 Multo
832 2509 934 2591 magis
956 2510 1053 2576 credo
1077 2497 1137 2576 hos
1160 2509 1246 2576 locos
1268 2513 1438 2596 laudatos,

269 2634 469 2697 quamquam
495 2633 563 2680 non
584 2614 680 2679 alieni
701 2618 777 2679 sunt
800 2634 819 2679 a
845 2615 992 2680 doctrina
1013 2616 1123 2697 stoica,
1147 2637 1164 2680 e
1186 2618 1253 2684 vita
1275 2623 1439 2686 communi

268 2724 415 2804 sumptos
437 2741 516 2786 esse.

305 2939 359 3004 Vs.
391 2941 418 3003 3.
461 2939 532 3003 Non
564 2945 598 3002 tu
635 2959 725 3022 proce
753 2941 855 3022 poscis
886 2941 985 3003 emaci
1015 2943 1072 3004 oet.
1106 2959 1209 3022 usque
1231 2941 1274 3006 ad
1294 2962 1359 3008 vrn.
1382 2945 1454 3010 e32‘

266 3047 307 3108 At
336 3064 400 3109 scca
426 3065 488 3108 κοιι
509 3045 618 3108 clamat
638 3044 787 3128 Juppitcr
807 3045 881 3125 ipsa
906 3043 1088 3126 ‘Ingentem
1109 3047 1237 3126 copiam
1258 3049 1436 3115 sententia·

267 3169 360 3228 rum,
391 3169 475 3232 quae
496 3150 593 3231 plane
614 3150 721 3230 idem,
745 3150 834 3232 quod
855 3169 969 3214 versus
991 3149 1099 3230 citati,
1121 3151 1320 3232 significant,
1342 3153 1437 3218 nohis

266 3256 403 3338 praebet
434 3256 578 3334 Seneca,
610 3275 636 3320 e.
659 3275 688 3338 g.
711 3275 761 3338 ep.
785 3255 844 3320 10:
867 3256 1024 3320 Votorum
1045 3259 1177 3321 tuorum
1196 3260 1343 3322 veterum
1364 3259 1437 3325 licet

267 3361 327 3427 diis
348 3361 487 3443 gratiam
508 3361 628 3426 facias:
651 3362 714 3427 alia
735 3361 776 3426 de
798 3362 923 3442 integro
945 3362 1091 3443 suscipe;
1112 3381 1192 3444 roga
1206 3363 1330 3427 bonam
1342 3382 1434 3428 rnen-

264 3469 351 3546 iem‚
381 3467 505 3531 bonam
534 3466 757 3545 valetudinem
779 3467 898 3547 animi,
929 3466 1047 3531 deinde
1071 3467 1223 3549 corporis.
1257 3467 1377 3545 Quidni
1398 3472 1435 3534 tu

265 3573 328 3639 ista
358 3574 435 3637 vota
465 3592 564 3654 saepe
595 3573 721 3638 facias?
751 3573 917 3638 Audacter
948 3573 1047 3637 deum
1078 3592 1178 3655 roga,
1209 3574 1254 3638 nil
1284 3575 1373 3638 illurn
1395 3574 1436 3640 de

265 3678 371 3745 alieno
402 3679 583 3760 rogaturus.
626 3678 691 3744 Sed
720 3681 756 3743 ut
787 3697 878 3743 more
908 3697 983 3743 meo
1017 3697 1090 3742 cum
1112 3677 1220 3760 aliquo
1234 3681 1435 3770 munusculo

265 3784 436 3866 epistolam
458 3784 606 3864 mittam,
629 3803 744 3849 verum
766 3783 925 3866 estquod
947 3784 1035 3864 apud
1046 3784 1297 3849 Athenodorum
1309 3785 1435 3853 inveni:

265 3889 359 3955 Tunc
389 3890 468 3955 scito
498 3893 532 3954 te
564 3908 635 3954 esse
666 3889 818 3955 omnibus
850 3889 1080 3970 cupiditatibus
1118 3889 1279 3971 solutum,
1301 3880 1374 3954 cum
1396 3911 1435 3957 eo

264 3996 472 4077 perveneris,
501 3998 537 4059 ui
557 3995 638 4060 nihil
659 3995 757 4060 deum
778 4014 891 4076 rogeS,
914 3994 976 4059 nisi
998 3995 1087 4076 quod
1107 4013 1222 4077 rogare
1243 3996 1346 4077 possis
1374 4017 1434 4080 pa·

264 4102 340 4166 lam.
371 4103 465 4166 Nunc
496 4100 583 4165 enirn
616 4103 739 4182 quanta
771 4101 938 4166 dementia
960 4104 1008 4164 est
1029 4101 1226 4165 hominum?
1247 4102 1435 4184 turpissima

263 4210 341 4272 vota
373 4206 433 4270 diis
464 4206 689 4270 insusurrant:
721 4206 820 4289 siquis
852 4205 1034 4270 admoverit
1056 4225 1185 4284 aurem,
1208 4207 1433 4286 conticescent,

264 4317 296 4379 et
328 4312 416 4394 quod
447 4312 528 4377 scire
560 4311 726 4376 hominem
757 4313 891 4393 nolunt,
924 4311 986 4376 deo
1014 4316 1160 4376 narrant.
1193 4311 1273 4377 Vide
1294 4332 1370 4395 ergo
1392 4335 1433 4380 ne

263 4423 326 4490 hoc
355 4418 500 4502 praecipi
519 4416 693 4484 salubriter
712 4418 833 4500 possit:
863 4419 908 4483 sic
928 4419 1002 4483 vive
1024 4437 1096 4484 cum
1118 4417 1326 4498 hominibus,
1347 4423 1433 4488 tam·
