3402 5056
873 531 912 595 29

308 712 419 774 autem
456 709 639 776 naturalem
668 693 774 790 ¹legem
813 709 958 775 divinam
998 728 1068 775 esse
1098 711 1209 774 censet
1240 726 1379 792 eamque
1411 707 1478 774 vim

306 814 465 892 obtinere,
484 817 576 879 recta
597 814 814 896 imperantem
835 814 1128 898 prohibentemque
1150 812 1324 892 contraria,

348 919 458 1001 Pergit
478 923 576 1000 poeta
597 919 656 999 (vs.
678 919 717 982 λλ
738 919 834 1000 sqq),
846 921 1021 1002 postquam
1039 919 1137 985 stulto
1149 916 1367 1001 exprobravit,
1382 917 1480 1000 quod,

309 1043 394 1105 quae
416 1042 457 1088 ne
478 1023 569 1088 Staio
591 1023 746 1105 quidem,
767 1023 891 1089 homini
912 1023 1179 1104 sceleratissimo,
1201 1022 1333 1089 credere
1349 1022 1480 1103 audeat,

310 1147 330 1193 a
351 1128 412 1195 deo
433 1128 556 1210 optimo
576 1127 722 1193 maximo
743 1128 829 1193 uitro
850 1131 961 1211 petat:

675 1297 719 1376 „0
739 1297 845 1379 bone,
868 1299 1003 1378 clamet,

471 1402 610 1485 Iupitert
631 1402 676 1468 At
696 1422 767 1468 sese
788 1422 856 1469 non
877 1404 994 1469 clamet
1014 1403 1135 1485 Iupiter
1155 1401 1252 1486 ipse?

475 1507 639 1590 ignouisse¹
657 1510 773 1590 putas,
795 1508 873 1591 quia
894 1528 969 1575 cum
989 1511 1082 1574 tonat
1102 1508 1182 1573 cet.’'

354 1661 446 1739 Quae
475 1661 578 1727 ve'rba
597 1662 799 1744 significant:
828 1665 883 1729 An
902 1667 938 1729 tu
958 1667 1055 1746 putas
1076 1663 1155 1728 deos
1175 1661 1235 1728 tibi
1255 1661 1384 1744 favere,
1406 1661 1484 1745 quia

313 1770 345 1832 te
365 1784 433 1832 non
453 1767 563 1832 statim
584 1771 718 1850 propter
738 1769 883 1835 facinora
903 1774 961 1835 tua
980 1773 1012 1834 et
1034 1769 1138 1834 malas
1160 1767 1371 1850 cogitationes
1382 1767 1483 1833 inter·

312 1870 451 1936 ficiunt?
464 1872 513 1953 ³⁰)
545 1872 579 1936 Si
610 1875 672 1939 hoc
707 1874 840 1956 credas,
863 1894 969 1953 erres3
991 1893 1070 1940 nam
1094 1873 1156 1952 „dii
1177 1893 1239 1939 nec
1259 1873 1341 1940 dant
1361 1871 1484 1938 malum

311 1993 372 2041 nec
401 1976 544 2042 habent:
573 1980 717 2043 ceterum
738 1979 899 2061 castigant
922 1979 1082 2063 quosdam
1105 1981 1137 2044 et
1159 1982 1328 2059 coercent,
1350 1980 1382 2042 et
1402 1976 1484 2043 irro-

312 2084 390 2163 gant
410 2100 554 2163 poenaS‚
587 2087 619 2148 et
640 2083 817 2166 aliquando
838 2085 945 2167 specie
966 2084 1045 2150 boni
1065 2084 1225 2166 puniunt'
1248 2083 1338 2166 (Sen.
1359 2103 1409 2166 ep.
1421 2081 1485 2164 95).

312 2186 481 2268 Castigant
500 2187 597 2269 igitur
617 2189 661 2253 dii
685 2194 717 2254 et
738 2190 914 2272 aliquando
936 2190 1019 2256 falsa
1036 2191 1115 2255 boni
1138 2188 1245 2272 specie
1266 2189 1426 2271 puniunt,
1448 2208 1484 2270 o,

312 2292 428 2356 stulte!
450 2311 551 2374 quum
574 2294 741 2377 indulgere
761 2296 924 2362 videntur.
956 2296 1048 2362 Haec
1067 2296 1165 2378 plane
1186 2313 1246 2378 pro
1265 2294 1366 2360 stoico
1386 2313 1485 2360 sensu

313 2396 399 2462 dicta
420 2417 490 2464 esse
512 2417 572 2464 nos
593 2399 688 2464 docet
707 2401 790 2466 Plut.
812 2402 869 2480 (de
889 2402 1013 2484 republ.
1037 2401 1132 2466 Stoic.
1153 2402 1204 2476 35)
1217 2400 1379 2467 scribens:
1402 2398 1484 2460 ἀλλὰ
1533 2433 1535 2438 ,

313 2501 372 2580 μὴν
402 2499 454 2561 τὸν
483 2501 554 2565 θεὸν
584 2506 720 2583 κολάζειν
749 2506 835 2586 φασὶν
867 2511 903 2585 (οἱ
931 2505 1070 2588 Στωικοὶ)
1101 2505 1155 2572 τὴν
1184 2510 1290 2569 κακίαν
1311 2505 1360 2570 καὶ
1381 2503 1485 2590 πολλά

313 2617 401 2668 ποιεῖν
421 2606 469 2668 έπὶ
489 2610 611 2671 κολάσει
631 2618 691 2669 τῶν
710 2620 850 2687 πονηρῶν.
883 2611 978 2690 Quod
999 2612 1079 2677 deus
1098 2612 1134 2676 in
1154 2631 1202 2676 vs.
1225 2612 1263 2676 18
1285 2614 1318 2676 et
1339 2609 1416 2676 alibi
1433 2609 1485 2674 Iu·

313 2713 398 2793 piter
417 2718 567 2794 vocetur,
589 2733 656 2780 non
677 2716 818 2781 alienum
838 2721 888 2782 est
909 2716 1240 2794 arationestoica(cf.
1252 2735 1326 2799 pag.
1339 2717 1418 2781 1511.
1431 2715 1486 2797 d).

354 2818 549 2901 Saepissime
580 2821 666 2885 enim
698 2821 797 2887 Stoici
827 2822 910 2887 Iovis
941 2822 1010 2888 sive
1041 2823 1114 2889 Διὸς
1136 2823 1337 2887 mentionem
1360 2820 1485 2887 faciunt

315 2926 348 2987 et
367 2924 430 2988 hac
449 2944 528 2990 voce
550 2944 611 3006 pro
633 2928 695 2992 deo
715 2929 852 2993 utuntur
873 2948 900 2993 e.
922 2948 971 3010 ga
1003 2928 1098 3003 Λέγει
1118 2935 1190 3002 γοῦν
1211 2927 1390 3004 Χρύσιππος
1413 2923 1485 2986 ὅταν

314 3024 477 3120 έκπάρωσις
496 3030 618 3106 γένηται
639 3033 727 3108 μόνον
747 3033 903 3112 ἄφθαρτον
925 3033 995 3093 ὅντα
1018 3029 1069 3092 πάν
1091 3033 1151 3092 Δία
1176 3040 1235 3092 πῶν
1255 3037 1344 3093 θεῶν.

360 3136 464 3203 Ἥλιος
494 3131 549 3211 μὲν
579 3135 641 3211 γάρ
672 3137 721 3200 καὶ
751 3139 860 3208 σελήνη
891 3137 939 3200 καὶ
971 3141 994 3196 οἱ
1025 3137 1114 3196 άλλοι
1134 3139 1345 3213 παραπλήσιον
1365 3135 1486 3217 ἔχοντες

265 3291 269 3298 ,
316 3241 407 3317 λόγον
427 3245 547 3316 γενητοί
568 3242 646 3315 εἰσιν,
670 3243 683 3302 ὁ
704 3239 736 3302 δὲ
756 3243 827 3313 Ζεὺς
848 3242 937 3313 άέὸιάς
957 3240 1048 3304 ἐστιν.

356 3349 456 3432 Τροφῇ
486 3365 521 3405 τε
552 3350 577 3405 οἰ
608 3343 664 3423 μὲν
694 3348 780 3408 ἄλλοι
812 3349 874 3410 θεοὶ
896 3355 1038 3428 χρῶνται,
1060 3352 1278 3424 παραπλησίως
1298 3350 1487 3429 σννεχάμενοι

316 3451 343 3513 δέ
362 3449 463 3518 αάσὴν.
506 3453 544 3513 :0
566 3448 598 3512 δὲ
619 3451 689 3523 Ζεὺς
709 3455 757 3517 καὶ
780 3456 920 3532 ὁκάσμος
932 3454 1006 3521 aa&
1020 3452 1117 3531 ἕτερον
1128 3455 1238 3530 τρόπον
1250 3452 1487 3530 ἀναλισκομένων

317 3557 366 3620 καὶ
387 3554 419 3620 ἐκ
440 3555 530 3632 σορὸς
550 3557 733 3635 γιγνομένων
754 3561 850 3638 (Plut.
873 3559 914 3626 de
934 3559 1131 3625 communib.
1143 3557 1265 3624 notitiis
1277 3557 1350 3624 adv.
1362 3557 1488 3623 Stoicos

319 3661 376 3740 16;
399 3662 440 3728 de
461 3661 559 3727 Stoio.
579 3681 648 3744 rep.
674 3664 736 3741 38).

361 3769 418 3827 Ἕν
448 3788 482 3827 πε
514 3756 580 3827 εἶναι
610 3766 671 3827 θεὸν
701 3769 750 3832 καὶ
776 3775 848 3846 νοῦν,
871 3769 920 3832 καὶ
941 3768 1119 3847 εἱμαρμένην
1139 3768 1188 3832 καὶ
1209 3769 1281 3844 Δία,
1304 3772 1432 3838 πολλαῖς
1453 3787 1487 3827 τε

318 3871 430 3952 ἑτέραις
451 3871 620 3949 ὀνομασίαις
640 3876 925 3952 προσονομάζεσθαι
945 3873 1050 3956 (Diog.
1071 3874 1177 3939 Laeni.
1195 3873 1261 3938 Vll.
1286 3872 1366 3952 135).

358 3979 513 4062 Idemque
547 3983 601 4057 (sc.
623 3979 835 4064 Chrysippus)
858 3982 957 4046 etiam
979 3979 1057 4062 legis
1078 3981 1258 4062 perpetuae
1280 3980 1313 4044 et
1334 3981 1489 4044 aeternae

318 4085 404 4164 vim,
437 4104 521 4167 quae
553 4086 646 4168 quasi
675 4086 741 4150 dux
764 4087 852 4152 vitae
874 4089 906 4151 et
926 4085 1083 4168 magistra
1105 4085 1285 4151 officiorum
1306 4085 1357 4167 sit,
1378 4084 1488 4149 Iovem

320 4189 397 4255 dicit
426 4210 516 4272 esse,
549 4191 754 4274 eandemque
776 4191 910 4257 fatalem
934 4191 1162 4257 necessitatem
1184 4190 1346 4272 appellat,
1366 4186 1487 4270 sempi-

319 4298 448 4362 ternam
469 4315 578 4362 rerum
600 4297 784 4363 futurarum
805 4298 976 4363 veritatem
999 4296 1077 4380 (Cic.
1096 4297 1137 4362 de
1157 4300 1224 4362 nat.
1243 4297 1330 4362 deor.
1342 4294 1365 4361 Ι.
1378 4293 1488 4374 15140).

360 4403 458 4486 Apud
482 4405 607 4468 vestros
629 4421 759 4488 quoquc
778 4403 942 4486 sapientes
973 4405 1091 4480 Λογο
1131 4445 1139 4481 ,
1170 4401 1293 4484 idest,
1317 4417 1488 4472 ειννιοηονη
