3382 5056
803 503 844 568 46

239 686 343 752 securi
375 685 575 767 adspiciunt:
607 684 778 750 contrariis
809 684 843 748 in
874 681 1037 747 contraria
1069 684 1230 762 aguntur:
1260 697 1340 745 uam
1380 682 1412 744 et

238 790 333 856 invisi
354 793 449 870 sunt,
470 789 548 871 quia
568 789 743 867 timentur,
766 791 799 853 et
819 787 925 852 timeri
945 787 1078 864 volunt,
1101 785 1179 867 quia
1199 783 1294 848 invisi
1315 785 1412 860 sunt:

239 898 271 960 et
292 895 346 960 illo
367 893 555 960 exsecrabili
576 912 689 970 versu,
711 893 767 975 qui
789 892 907 956 multos
928 890 1018 956 dedit
1028 889 1233 971 praecipites,
1254 891 1411 953 utuntur:

600 1046 738 1111 Oderint
758 1045 837 1111 dum
857 1047 1058 1110 metuant-

239 1200 344 1283 ignari
375 1203 500 1282 quanta
526 1200 634 1267 rabies
665 1201 808 1280 oriatur,
839 1200 895 1264 ubi
926 1197 1181 1280 supramodum
1202 1195 1278 1261 odia
1301 1214 1411 1260 creve-

239 1309 325 1372 runt.
366 1305 583 1387 Temperatus
617 1305 703 1369 enim
724 1305 822 1369 timor
843 1303 972 1368 cohibet
994 1302 1140 1367 animos:
1163 1300 1312 1366 assiduus
1333 1319 1411 1364 vero

241 1413 274 1476 et
294 1428 388 1489 acer,
410 1413 443 1474 et
463 1411 610 1475 extrema
631 1411 832 1488 admovens,
858 1408 892 1472 in
915 1406 1087 1472 audaciam
1110 1407 1252 1470 iacentes
1274 1403 1413 1482 excitat,

242 1517 274 1581 et
294 1514 406 1580 omnia
427 1515 566 1596 experiri
586 1515 741 1580 suadet..
755 1558 781 1578 ..
816 1514 915 1590 lll(osl
936 1511 1096 1589 acerb(os)
1118 1508 1414 1591 etsanguinaritos)

241 1638 373 1685 necesse
392 1623 440 1686 est
450 1624 627 1702 graventur
638 1621 811 1701 stipatores
822 1619 881 1683 sui.
902 1619 976 1683 Non
987 1620 1095 1700 polest
1106 1615 1229 1681 habere
1241 1615 1416 1696 quisquam

240 1725 349 1790 bonae
380 1744 418 1790 ac
447 1724 534 1791 fidae
565 1726 740 1790 voluntatis
772 1725 957 1805 ministros,
979 1722 1096 1805 quibus
1119 1722 1153 1786 in
1174 1721 1361 1801 tormentis,
1385 1723 1417 1786 et

243 1830 383 1908 eculeo,
415 1832 448 1894 el
468 1830 674 1896 ferramentis
695 1830 738 1895 ad
759 1832 897 1894 mortem
918 1828 1042 1910 paratis
1063 1826 1185 1903 utitur,
1207 1825 1325 1908 quibus
1347 1844 1414 1891 non

243 1934 335 2000 aliter
356 1953 458 2017 quam
479 1934 591 1999 bestiis
611 1935 759 2000 homines
781 1934 941 1999 obiectat:
962 1931 1113 1997 omnibus
1132 1930 1196 1996 reis
1207 1930 1367 1995 obnoxior
1377 1949 1416 1997 ac

242 2039 426 2118 sollicitior,
447 2041 483 2104 ut
504 2039 560 2120 qui
580 2039 730 2104 homines
751 2039 895 2121 deosque
915 2040 1014 2102 testes
1031 2055 1070 2101 ac
1080 2035 1223 2100 vindices
1234 2035 1417 2100 facinorum

242 2146 373 2224 teneat,
406 2162 445 2208 eo
479 2144 673 2224 perductus,
704 2147 741 2208 ut
773 2162 839 2208 non
871 2144 966 2207 liceat
985 2141 1029 2205 illi
1050 2143 1179 2206 mutare
1200 2158 1318 2206 mores.
1353 2143 1417 2206 Hoc

243 2251 327 2315 enim
357 2250 440 2314 iuter
471 2255 571 2314 celero
598 2251 643 2314 ool
669 2251 838 2332 pessimum
859 2247 947 2313 babel
968 2246 1157 2324 crudelitas,
1178 2245 1261 2329 quod
1280 2267 1418 2329 paracoe-

243 2352 383 2419 randum
402 2359 465 2434 cal,
494 2373 549 2419 uec
569 2353 613 2419 od
632 2353 762 2418 meliora
781 2360 865 2436 patet
885 2372 1064 2435 repressus,
1081 2350 1218 2416 &scelera
1239 2351 1327 2416 enim
1348 2371 1417 2418 sce·

244 2458 366 2523 leribus
397 2458 521 2524 tuenda
551 2463 635 2523 sunt.
678 2457 764 2536 Quid
792 2462 903 2523 autem
925 2439 964 2522 e'o
984 2455 1165 2538 infelicius,
1188 2457 1239 2521 cui
1260 2456 1326 2521 iam
1348 2476 1418 2523 esse

243 2562 331 2628 malo
362 2581 493 2628 necesse
525 2567 601 2630 est?
632 2563 680 2641 O,
712 2563 931 2628 miserabilem
962 2562 1052 2627 illum
1075 2613 1082 2644 ,
1103 2565 1165 2629 sibi
1196 2564 1303 2628 certe!
1339 2581 1418 2626 narn

244 2667 359 2733 ceteris
380 2667 527 2733 misereri
548 2668 617 2733 eius
638 2667 729 2732 nefas
750 2670 810 2747 sit,
842 2667 898 2749 qui
920 2668 1074 2732 caedibus
1096 2689 1135 2735 ac
1155 2668 1278 2750 rapinis
1302 2669 1417 2748 poten-

243 2771 324 2837 tiam
345 2771 507 2851 exercuit,
530 2773 586 2854 qui
606 2776 757 2854 suspecta
777 2773 840 2837 sibi
862 2777 978 2837 cuncta
998 2773 1160 2856 reddidit,
1189 2777 1259 2838 tam
1281 2774 1419 2836 externa

245 2895 345 2960 quam
367 2877 563 2942 domestica:
585 2896 659 2943 cum
681 2897 774 2943 arma
794 2880 939 2957 metuat,
962 2878 1005 2943 ad
1027 2879 1420 2960 armaconlugiensmon

245 2983 424 3049 amicorum
455 2982 532 3047 fidei
562 2983 716 3063 credens,
745 3002 811 3047 non
832 2983 1010 3048 liberorum
1031 2985 1154 3066 pietati.
1196 2983 1258 3062 Qui
1280 2981 1336 3047 ubi
1358 2980 1419 3045 cir-

247 3086 427 3169 cumspexit
448 3106 598 3171 quaeque
619 3087 712 3168 fecit,
734 3107 883 3171 quaeque
905 3087 1049 3153 facturus
1072 3093 1120 3154 est
1141 3091 1173 3154 et
1188 3087 1419 3153 conscientiam

246 3209 341 3258 suam
361 3193 493 3274 plenam
514 3192 688 3257 sceleribus
710 3213 748 3258 ac
764 3193 935 3258 tormentis
956 3193 1150 3274 adaperuit:
1171 3212 1269 3276 saepe
1281 3195 1421 3258 mortem

246 3298 355 3376 timet,
376 3297 506 3380 saepius
527 3301 628 3379 optat,
649 3298 783 3365 invisior
803 3299 884 3378 sibi,
906 3318 1007 3381 quam
1028 3299 1263 3366 servientibus’'
1286 3298 1340 3377 (de
1362 3299 1420 3362 cle·
1502 3327 1508 3338 ·

245 3403 371 3468 mentia
391 3403 446 3468 lib.
467 3402 489 3467 l.
513 3422 537 3466 c.
562 3403 620 3482 11,
645 3404 702 3483 la,
727 3405 787 3484 13).

288 3507 439 3586 Quotidie
469 3507 595 3572 scelesti
619 3527 743 3591 poenas
764 3508 983 3588 atrocissimas
1005 3508 1117 3590 luunt,
1138 3528 1217 3576 nam
1242 3511 1330 3587 ,tuta
1350 3525 1419 3572 sce-

247 3613 315 3680 lera
347 3631 417 3677 esse
447 3615 602 3694 possunt:
631 3633 746 3680 secura
766 3633 833 3680 non
854 3616 991 3696 possunt
1003 3658 1010 3675 .
1024 3663 1031 3678 .
1044 3661 1072 3680 ..
1094 3614 1203 3697 prima
1223 3617 1257 3678 et
1275 3612 1422 3679 maxima

248 3717 453 3802 peccantium
482 3735 591 3800 poena
622 3722 672 3783 est
701 3737 873 3801 peccasse:
902 3737 962 3784 nec
982 3719 1083 3784 ullum
1104 3719 1227 3797 scelus,
1247 3717 1322 3784 licet
1342 3717 1423 3783 illud

248 3827 381 3890 fortuna
401 3826 536 3888 exornet
561 3825 749 3890 muneribus
771 3823 857 3904 suis,
879 3823 953 3889 licet
975 3827 1106 3891 tueatur
1128 3843 1167 3889 ac
1187 3823 1338 3903 vindicet,
1360 3822 1421 3888 im-

249 3928 400 4012 punitum
429 3931 496 3992 est:
524 3929 680 4010 quoniam
701 3929 830 3995 sceleris
851 3929 885 3994 in
907 3930 1027 3995 scelere
1047 3929 1242 4011 supplicium
1264 3933 1322 3994 est.
1357 3928 1422 3993 Sed

248 4033 458 4100 nihilominus
490 4036 523 4097 et
553 4033 654 4114 haec,
685 4037 717 4099 et
747 4034 821 4109 illa,
853 4034 1016 4100 secundae
1048 4054 1175 4117 poenae
1211 4037 1364 4116 premunt
1385 4053 1423 4099 ac

249 4142 449 4222 sequuntur:
480 4139 597 4203 timere
627 4158 756 4222 semper
784 4142 816 4206 et
837 4159 1073 4222 expavescere,
1094 4144 1127 4206 et
1147 4140 1314 4206 securitati
1337 4139 1422 4206 dilli-

251 4246 407 4312 dere....
438 4244 501 4310 Hic
532 4245 774 4311 consentiamus
805 4251 860 4325 (sc.
883 4265 957 4312 cum
978 4246 1142 4330 Epicuro),
1169 4246 1258 4313 mala
1278 4247 1424 4313 facinora

252 4349 446 4422 conscientia
466 4350 641 4434 flagellari,
664 4355 696 4420 et
716 4351 857 4434 plurima
877 4351 923 4420 illi
932 4355 1171 4422 tormentorum
1183 4372 1263 4436 esse,
1286 4352 1424 4441 eoquod
