3382 5056
808 545 847 610 78

279 726 333 791 Vs.
363 725 412 791 37.
455 725 565 810 reputa
595 724 707 802 follere
737 723 831 788 solers
862 725 921 788 cet.
962 722 1071 787 Multis
1092 719 1323 803 interpretibus
1343 736 1412 783 non

239 849 360 914 parvas
381 829 587 896 difficultates
604 829 783 894 attulerunt
793 828 876 894 haec
885 826 997 908 verba,
1018 845 1103 909 quae
1114 824 1348 906 Coningtonius
1363 821 1415 900 ⁵¹)

240 937 327 1004 solus
348 939 436 1001 recte
456 934 653 1002 intellexisse
673 933 754 999 mihi
775 933 912 998 videtur.
927 962 930 968 ·
945 933 973 996 ls
995 932 1082 998 enim
1101 929 1183 996 vidit
1205 929 1353 995 Persium
1364 927 1415 993 his

240 1040 344 1108 tribus
365 1039 474 1106 verbis
498 1039 671 1119 „sipontina”
694 1039 795 1104 latine
816 1036 1005 1103 reddidisse.

283 1146 412 1233 Regula
442 1145 554 1210 sollers
585 1150 638 1205 τοῦ
670 1143 782 1210 tallere
810 1143 877 1208 sive
898 1147 951 1203 τοῦ
971 1141 1083 1206 ludere
1105 1139 1254 1206 homines
1274 1136 1355 1203 nihil
1374 1136 1417 1202 si·

241 1248 375 1334 gnificat
394 1250 456 1316 nisi
481 1249 658 1330 ,rationem
679 1248 891 1314 socraticam’'
912 1266 997 1330 quae
1019 1249 1068 1312 est
1090 1247 1221 1324 εἰρωνεία.
1249 1244 1416 1323 „Serretes

243 1358 354 1422 autem
376 1356 417 1421 de
438 1355 563 1437 seipse
585 1354 761 1420 detrahens
782 1353 816 1419 in
837 1353 1076 1435 disputatione,
1090 1352 1163 1433 plus
1183 1349 1348 1415 tribuebat
1368 1348 1417 1430 iis,

243 1480 325 1544 quos
345 1460 477 1526 volebat
497 1459 652 1525 refellere.
679 1459 728 1525 lta
749 1477 851 1542 quum
873 1458 961 1523 aliud
982 1457 1124 1536 diceret,
1146 1458 1245 1538 atque
1266 1455 1417 1536 sentiret,

241 1565 381 1633 libenter
402 1566 450 1630 uti
471 1564 583 1630 solitus
604 1566 653 1629 est
674 1584 714 1630 ea
735 1562 1012 1643 dissimulatione,
1034 1581 1134 1644 quam
1156 1559 1269 1627 Graeci
1281 1559 1418 1635 εἰρωνείαν

242 1671 380 1738 vocant'’
402 1669 479 1752 (Cic.
501 1669 603 1735 Acad.
623 1689 671 1752 pr.
694 1667 845 1750 11.5l15).

283 1773 382 1857 Igitur
412 1774 458 1840 sic
484 1774 699 1856 interpretor:
727 1774 776 1839 Ex
806 1792 870 1856 quo
902 1775 938 1838 tu
969 1774 1013 1837 o!
1046 1772 1096 1838 vir
1118 1768 1342 1837 colendissime
1365 1789 1419 1836 me

244 2004 329 2066 one,
363 2003 429 2069 qua
449 1987 598 2050 nostrum
620 1983 766 2049 omniurn
786 1983 941 2066 magister
961 1983 1008 2048 uti
1030 1983 1174 2061 solebat,
1205 1981 1315 2061 disco,
1340 1979 1418 2062 quid

242 2089 387 2172 bonurn,
418 2089 497 2172 quid
527 2089 652 2156 malurn
683 2088 743 2168 sit;
775 2091 811 2154 tu
831 2088 957 2155 ratione
979 2091 1037 2154 tua
1058 2105 1165 2152 mores
1186 2105 1278 2151 meos
1299 2105 1418 2167 pravos

246 2194 413 2261 emendas.
691 2278 693 2282 Ι
1350 2279 1351 2282 ¹

285 2300 340 2366 Vs,
361 2299 410 2366 39.
452 2298 495 2364 Et
520 2301 678 2384 premitur
707 2299 828 2365 ratione
849 2299 977 2364 animus
1000 2301 1059 2364 cet.
1093 2297 1212 2376 Miror,
1233 2295 1322 2378 quod
1342 2293 1421 2360 Jah-

244 2404 318 2470 nius
348 2424 390 2470 ne
416 2404 588 2472 minimam
608 2404 741 2487 quidem
761 2423 896 2486 operam
919 2404 1097 2482 consumit,
1119 2421 1191 2485 qua
1216 2400 1300 2466 haec
1319 2399 1422 2466 verba
1550 2412 1556 2424 ·

245 2510 418 2592 perspicua
437 2509 573 2587 reddat;
595 2509 723 2574 obscuri
748 2510 836 2574 enim
857 2511 933 2574 sunt
955 2509 1004 2590 ei,
1026 2506 1420 2592 quinonquodammodo

245 2615 391 2680 imbutus
422 2617 471 2679 est
501 2613 628 2679 ratione
661 2613 771 2679 stoica.
814 2613 1008 2694 Videamus,
1039 2613 1136 2694 igitur
1168 2611 1333 2694 quomodo
1356 2610 1421 2675 sint

245 2717 473 2801 intellegenda.
513 2718 656 2784 Maxima
687 2718 859 2784 difficultas
890 2719 971 2785 latet
995 2711 1042 2782 'in
1076 2716 1311 2782 vocabulorum
1331 2718 1420 2794 arte3

246 2842 325 2891 nam
355 2823 454 2890 Stoici
484 2843 733 2906 nonnumquam
763 2824 946 2907 promiscue
980 2825 1119 2888 utuntur
1141 2822 1270 2900 animo,
1291 2823 1421 2899 mente,

245 2928 376 3010 anima,
397 2929 544 3009 ratione,
566 2928 648 3009 deo,
669 2928 812 3009 mundo,
835 2928 904 2994 aliis
926 2928 1080 3008 vocibuS,
1105 2945 1191 3009 quae
1213 2926 1343 2991 nonnisi
1360 2935 1421 2996 τοῖς

195 3047 196 3050 ’
246 3033 444 3112 μεμνημένοις
465 3036 600 3118 apertae
621 3053 660 3099 ac
680 3033 873 3099 manifestae
895 3035 970 3099 sunt
984 3032 1043 3110 ⁵²).

287 3138 356 3204 lam
388 3142 465 3204 ante
494 3139 633 3204 vidimus
665 3139 746 3204 duos
777 3138 873 3203 simul
905 3158 976 3204 esse
997 3138 1031 3202 in
1053 3135 1187 3202 homine
1210 3135 1356 3216 animos,
1378 3155 1412 3200 sc

248 3243 393 3310 animam
414 3243 570 3309 siverim
591 3243 724 3309 vitalem
746 3246 778 3310 et
799 3243 945 3308 animum
966 3242 1034 3307 sive
1058 3241 1203 3307 animam
1225 3240 1419 3306 rationalem
1551 3241 1554 3246 ’

247 3349 382 3432 lctpag.
395 3347 476 3414 roh.
489 3349 543 3429 d),
564 3349 936 3431 hancaetherapurum,
957 3348 1047 3414 illam
1069 3347 1204 3412 aethera
1215 3345 1421 3411 commistum
1470 3373 1472 3376 ·

249 3474 322 3522 cum
352 3452 501 3520 materia.
543 3454 629 3520 Voce
650 3455 752 3520 animi
771 3453 902 3520 Persius
923 3452 957 3518 in
977 3453 1041 3519 hoc
1062 3470 1159 3518 versu
1180 3450 1330 3534 intelligit
1344 3469 1421 3534 par·

248 3564 317 3627 tem
347 3558 553 3640 inferiorem,
584 3562 753 3641 expertum
775 3558 931 3640 rationis,
965 3557 1016 3623 cui
1036 3557 1179 3640 imperat
1200 3556 1304 3623 altera
1324 3575 1421 3638 pars,

249 3685 335 3750 quae
356 3667 405 3730 est
424 3663 576 3747 praedita
596 3665 733 3731 ratione.

292 3771 435 3853 ,Duplex
456 3770 559 3836 -ita
589 3770 700 3836 scribit
732 3769 843 3837 Cicero
875 3769 915 3836 de
949 3769 1001 3834 off.
1025 3768 1048 3835 Ι.
1071 3768 1177 3848 uultur
1201 3770 1312 3835 -est
1334 3766 1422 3832 enim

248 3877 298 3944 vis
319 3877 502 3944 animorum
525 3879 624 3959 atque
645 3879 773 3943 natura·
814 3875 889 3942 Una
909 3894 987 3957 pars
1009 3876 1043 3940 in
1066 3873 1214 3957 appetitu
1236 3873 1343 3955 posita
1363 3875 1422 3952 est,

250 4003 335 4067 quae
356 3985 405 4049 est
426 3980 502 4060 ὁρμὴ
523 4001 657 4064 graece,
680 4000 765 4065 quae
785 3980 953 4046 hominem
975 3981 1038 4046 huc
1061 3983 1093 4047 et
1104 3979 1178 4045 illuc
1188 3977 1274 4060 rapit
1285 4001 1297 4057 ;7
1319 3978 1422 4044 altera

250 4089 284 4154 in
314 4087 461 4170 ratione,
492 4107 578 4170 quae
610 4088 706 4152 docet
736 4089 769 4152 et
789 4086 961 4167 explanat,
989 4085 1068 4170 quid
1089 4083 1274 4151 faciendum
1296 4083 1422 4165 fugien-

251 4193 371 4274 dumve
393 4193 442 4258 sit.
479 4192 530 4259 Ita
550 4193 606 4273 fit,
628 4195 664 4258 ut
685 4193 769 4258 ratio
790 4192 932 4274 praesit,
955 4192 1118 4275 appetitus
1139 4190 1372 4272 obtemperent

291 4299 373 4366 Pars
406 4298 621 4373 irrationalis.
652 4299 773 4383 quippe
807 4316 892 4381 quae
913 4297 1085 4364 commista
1104 4293 1147 4362 sit
1167 4314 1241 4360 cum
1262 4293 1421 4377 materia,

251 4422 415 4496 propensa
436 4406 485 4471 est
506 4403 549 4471 ed
569 4403 712 4485 malum;
740 4403 787 4471 ita
808 4402 896 4472 enim
917 4404 1050 4472 censent
1070 4399 1181 4472 Stoici.
1223 4399 1260 4468 ln
1281 4399 1419 4470 materia
