3402 5056
862 547 899 611 31

232 784 239 800 ,
298 729 408 806 erant,
430 744 555 809 poenus
567 725 724 792 audaciae
735 724 909 806 dedissent,
931 723 1029 789 Stoici
1041 723 1284 806 diligentissime
1296 723 1467 797 cavebant,

297 850 340 896 ne
369 831 473 914 plebis
504 830 674 913 opiniones
695 830 879 908 laederent3
914 829 1119 894 conabantur
1138 829 1263 896 deismo
1285 847 1468 895 accommo-

299 936 377 1002 dare
407 936 660 1018 polytheismum
689 935 781 1000 varia
802 935 939 1000 numina
959 934 1114 1000 facientes
1135 934 1228 1000 varia
1248 934 1301 998 dei
1321 951 1470 999 munera.

297 1041 338 1105 ut
357 1041 449 1121 plebs
470 1044 542 1106 rata
564 1059 619 1104 eos
645 1039 706 1104 sibi
727 1039 919 1118 consentire,
945 1058 1045 1120 quum
1064 1039 1142 1104 deos
1154 1042 1398 1119 venerarentur,
1421 1042 1469 1104 et·

298 1144 393 1210 iamsi
419 1145 479 1210 hos
500 1147 629 1210 tantum
650 1145 758 1209 varias
780 1143 1015 1225 appellationes
1035 1143 1132 1208 unius
1154 1143 1205 1207 dei
1226 1143 1469 1225 intelligebant,

298 1249 397 1314 Stoae
428 1249 642 1314 sectatoribus
674 1267 742 1313 non
773 1248 904 1312 inimica
937 1251 1017 1312 erat.
1060 1248 1104 1312 Ut
1135 1248 1201 1312 iam
1226 1248 1311 1326 dixi,
1343 1249 1471 1314 fabulas

249 1393 251 1397 -
298 1353 530 1437 mythologicas
551 1355 746 1431 ἀλληγορίας,
769 1354 856 1433 sive,
877 1354 915 1417 ut
936 1353 997 1436 ipsi
1018 1353 1238 1436 appellabant,
1259 1355 1393 1424 ὑπονοίας
1404 1354 1468 1437 sig-

298 1460 492 1538 nificabant'3
523 1478 703 1542 numquam
738 1461 850 1524 tamen
882 1458 953 1523 illas
985 1459 1184 1523 adverbum
1206 1458 1469 1541 accipiebant,e

298 1563 477 1639 contrario,
511 1565 647 1629 deorum
679 1563 881 1644 dearumque
912 1562 1057 1628 facinora
1089 1566 1122 1628 et
1143 1563 1231 1628 furta
1251 1564 1318 1629 imo
1338 1566 1469 1644 pectore

298 1670 570 1748 contemnebant,
602 1688 688 1751 quae
719 1668 928 1749 saepissime,
960 1666 1154 1748 praesertim
1186 1669 1224 1733 iis
1246 1670 1469 1752 temporibus,

299 1795 399 1858 quum
431 1775 539 1840 minus
571 1773 784 1839 metuendum
816 1774 903 1853 erat,
934 1791 977 1837 ne
1007 1772 1057 1837 ira
1087 1773 1190 1855 plebis
1221 1773 1282 1838 sibi
1304 1777 1472 1842 contracta

297 1880 426 1964 publice
458 1880 774 1960 condemnarentur,
806 1878 907 1944 libere
935 1881 968 1942 et
989 1878 1145 1944 audacter
1166 1878 1259 1944 dictis
1280 1878 1473 1962 scriptisque

296 1985 558 2067 perstringebant
589 1984 640 2062 (cf.
670 1984 747 2049 Sen.
779 1983 820 2048 de
841 1983 931 2048 brev.
951 1983 1038 2048 vitae
1060 1984 1107 2048 16.
1149 1983 1206 2050 Cic
1226 1983 1267 2050 de
1289 1986 1357 2050 nat.
1380 1984 1470 2051 deor.

298 2090 394 2156 1123.
415 2091 471 2168 603
492 2090 623 2167 lab&
646 2089 692 2152 98.
715 2090 777 2168 70).

337 2196 405 2260 Nec
434 2195 564 2259 Persius
594 2214 752 2277 umquam
783 2195 994 2276 opinionem,
1036 2213 1136 2276 quam
1167 2195 1306 2277 populus
1337 2194 1378 2260 de
1409 2194 1471 2259 diis

299 2298 463 2378 habebat,
502 2299 622 2364 derisui
660 2301 779 2379 habet,
812 2318 1015 2382 quamquam
1047 2299 1310 2381 superstitionem
1341 2300 1469 2366 deridet

302 2403 355 2486 (cf.
376 2404 413 2467 11.
435 2405 473 2480 33
496 2405 532 2468 V.
555 2404 633 2481 1803
656 2404 704 2468 Vl.
729 2404 767 2468 10
787 2405 879 2486 sqq).

341 2509 476 2588 VersuS,
498 2510 553 2591 qui
574 2511 775 2592 sequuntur,
797 2510 915 2574 iterum
937 2508 1062 2574 Seneca
1081 2509 1181 2575 stoice
1192 2509 1470 2593 interpretabitur.

297 2615 428 2680 Persius
449 2613 559 2678 scribit
579 2619 638 2692 (vs.
660 2614 781 2694 uuum:

416 2789 483 2852 Aut
504 2786 662 2869 quidnam
684 2788 751 2864 est,
774 2805 841 2868 qua
862 2790 897 2850 tu
919 2786 1068 2852 mercede
1090 2786 1227 2852 deorum

415 2892 539 2956 Emeris
561 2891 749 2956 auriculas?
783 2891 943 2956 Pulmone
965 2893 997 2956 et
1017 2891 1155 2957 lactibus
1177 2891 1306 2957 unctis?

247 3079 250 3087 ·
335 3045 460 3110 Seneca
491 3065 540 3127 ep.
572 3046 632 3110 95:
664 3045 786 3110 Audiat
817 3045 910 3125 licet,
941 3045 1221 3127 quemadmodum
1242 3065 1277 3111 se
1298 3063 1410 3128 gerere
1430 3045 1466 3110 in

295 3150 458 3216 sacrificiis
479 3150 617 3231 debeat,
646 3169 745 3232 quam
767 3151 880 3232 procul
901 3151 1024 3216 resilire
1046 3170 1065 3216 a
1087 3150 1242 3217 molestiis
1264 3154 1297 3218 et
1317 3150 1468 3232 supersti-

296 3254 458 3319 tionibus:
491 3275 673 3338 numquam
694 3257 774 3321 satis
795 3256 975 3339 profectum
997 3258 1078 3338 erit,
1106 3257 1187 3336 nisi,
1218 3258 1348 3340 qualem
1370 3256 1468 3321 debet

297 3359 416 3438 deum,
443 3365 554 3426 mente
581 3361 784 3442 conceperit,
812 3363 919 3427 omniu
939 3361 1117 3443 habentem,
1138 3363 1246 3429 omniu
1266 3361 1468 3442 tribuentem,

296 3463 441 3547 beneficia
458 3467 561 3548 pratis
582 3465 716 3530 dantem.

337 3569 462 3635 Seneca
483 3570 524 3635 de
545 3570 643 3636 benef
662 3569 685 3635 I.
706 3571 747 3635 6:
768 3571 841 3635 Non
863 3575 912 3636 est
933 3591 1009 3654 ergo
1030 3571 1225 3637 beneficium
1245 3572 1363 3655 ipsum,
1380 3573 1470 3656 quod

298 3677 490 3739 numeratur
520 3677 578 3740 aut
608 3674 758 3740 traditur.
800 3674 890 3751 Sicut
920 3694 981 3740 nec
1009 3675 1043 3740 in
1064 3675 1201 3741 victimis
1222 3676 1375 3759 quidem,
1396 3677 1470 3743 licet

298 3780 427 3861 opimae
448 3780 533 3861 sint,
555 3771 700 3862 auroque
721 3780 965 3862 praefulgeant,
989 3781 1126 3846 deorum
1140 3780 1244 3846 honos
1257 3785 1325 3860 est3
1346 3781 1405 3847 sed
1414 3782 1470 3864 pia

298 3904 336 3950 ac
366 3886 455 3949 recta
486 3884 653 3949 voluntate
685 3885 932 3963 venerantium
967 3886 1078 3968 itaque
1104 3886 1183 3950 boni
1205 3886 1303 3952 etiam
1325 3886 1411 3952 farre
1432 3906 1471 3952 ac

297 3989 406 4054 fritilla
437 3988 577 4071 religiosi
607 3992 703 4067 sunt,
736 3989 814 4054 mali
846 4008 958 4055 rursus
978 4009 1046 4054 non
1067 3990 1224 4072 effugiunt
1245 3990 1469 4073 impietatem,

298 4094 448 4177 quamvis
481 4113 556 4158 aras
588 4094 746 4175 sanguine
767 4094 869 4159 multo
891 4095 1140 4161 cruentaverint.
1172 4095 1266 4176 (Vide
1285 4114 1398 4161 versus
1418 4096 1468 4161 ul·

297 4202 394 4265 timos
415 4199 511 4265 huius
531 4197 606 4280 sat.)

337 4305 427 4370 ldem
449 4304 517 4369 fere
540 4323 579 4368 ac
599 4303 724 4368 Seneca
745 4307 856 4369 noster
876 4307 986 4369 censet
1006 4302 1149 4383 Plinius,
1176 4304 1231 4389 qui
1251 4305 1286 4370 in
1305 4305 1469 4387 plerisque

300 4410 445 4476 Stoicum
467 4408 542 4490 agit.
585 4408 659 4473 Ait:
692 4408 946 4490 ,Animaduerto
967 4409 1054 4474 enim
1076 4409 1175 4477 etiam
1197 4410 1275 4476 deos
1295 4411 1382 4492 ipsos
1403 4428 1470 4476 non

1476 4750 1561 4767 Α
