3402 5056
835 516 854 577 l

258 695 376 759 festum
408 696 488 776 erit,
519 697 649 778 qualem
681 695 779 759 Stoici
809 694 962 757 virtutem
983 693 1126 774 intellegi
1147 693 1257 757 velint.
1289 694 1434 770 Quaevis
1490 675 1492 681 ’

258 800 405 865 doctrina
436 800 476 864 de
507 799 654 866 moribus
685 801 807 865 habeat
825 818 956 863 necesse
978 802 1027 862 est
1048 798 1132 862 unde
1152 798 1375 879 proficiscatur
1397 801 1429 863 et

258 925 318 987 quo
338 905 453 969 tendat
466 907 507 984 ²).
538 906 712 977 Carceres,
734 905 821 969 unde
842 904 1092 986 proficiscuntur
1102 903 1211 984 Stoici,
1232 904 1332 968 iidem
1343 908 1431 983 sunt,

259 1009 418 1090 aquibus
440 1009 628 1075 Aristoteles
651 1013 683 1073 et
694 1009 851 1089 Epicurus
862 1008 1003 1072 stadium
1015 1008 1250 1092 ingrediuntun
1268 1008 1302 1074 hi
1313 1026 1428 1074 omnes

259 1113 345 1178 enirn
379 1115 578 1180 constituunt
609 1114 758 1180 homines
790 1114 851 1178 sibi
874 1133 1036 1196 quemque
1057 1116 1169 1195 petere
1190 1114 1375 1180 felicitatem
1389 1118 1429 1191 ³).

258 1218 303 1284 At
325 1219 404 1301 quid
425 1220 592 1285 studentes
613 1219 816 1285 inveniemus
837 1219 1054 1284 felicitatem?
1086 1219 1157 1296 Quo
1179 1219 1276 1300 igitur
1292 1218 1431 1284 tenden-

262 1323 340 1388 durn
355 1329 411 1402 ⁴)i
444 1327 496 1390 Ad
517 1327 603 1391 hanc
624 1325 849 1407 quaestionem
871 1324 1137 1406 respondendum
1158 1324 1203 1389 ait
1224 1325 1321 1389 Zeno:
1359 1323 1431 1388 Viuo

258 1431 470 1495 convenienter
483 1433 522 1511 ⁵),
544 1431 576 1495 h.
598 1451 624 1496 e.
646 1430 718 1494 vive
740 1430 783 1494 ad
804 1449 904 1494 unam
928 1430 1070 1511 aliquam
1092 1448 1243 1494 normam
1255 1430 1323 1494 sive
1333 1448 1429 1510 prae-

259 1535 407 1614 ceptum!
450 1534 498 1598 Sit
527 1535 595 1599 vita
624 1538 682 1599 tua
703 1534 773 1598 sine
795 1534 959 1598 actionum
983 1533 1202 1612 dissensione3
1223 1534 1343 1600 referat
1362 1533 1430 1599 vita

258 1641 316 1702 tua
346 1657 447 1702 unum
480 1643 650 1720 tamquam
677 1639 827 1703 colorem.
859 1639 980 1703 Omnes
1002 1638 1088 1703 enim
1110 1638 1268 1717 homines,
1290 1657 1430 1720 quorum

258 1763 366 1808 mores
388 1745 606 1823 fluctuantur,
629 1744 940 1825 quorumvoluntas
961 1744 1100 1808 iactatur
1114 1743 1199 1807 inter
1210 1743 1353 1809 studium
1364 1744 1430 1808 vir-

259 1849 336 1912 tutis
358 1852 390 1912 et
411 1868 557 1913 amorem
579 1849 753 1929 viliorum,
773 1848 883 1912 miseri
903 1851 988 1912 sunt

300 1953 388 2018 Talis
421 1955 568 2031 ὁμολογία
599 1954 667 2019 sive
699 1953 926 2018 convenientia
956 1955 1059 2018 multa
1089 1953 1330 2035 complectitur;
1352 1973 1430 2018 nam

264 2058 354 2122 haud
386 2058 537 2124 credibile
570 2062 618 2124 est
649 2058 816 2123 hominem
837 2057 907 2122 sine
927 2059 1045 2123 virtute
1068 2058 1157 2123 omni
1177 2059 1210 2122 in
1231 2077 1267 2124 re
1287 2059 1360 2121 καθ’
1382 2058 1431 2120 ἔνο

260 2166 352 2240 λόγον
380 2166 429 2228 ναὶ
450 2165 604 2244 σύμφωνον
625 2165 687 2241 ζῆν.
721 2164 793 2228 Hoc
814 2163 901 2228 enim
923 2163 1077 2228 indicium
1098 2167 1147 2228 est
1167 2165 1254 2228 vitae
1275 2164 1344 2229 sine
1365 2165 1431 2228 vir-

260 2271 349 2333 tute:
373 2270 518 2333 animum
539 2272 654 2334 natare
677 2269 792 2346 aliubi,
815 2271 913 2350 atque
935 2268 1034 2333 aliubi
1056 2288 1224 2351 apparere,
1245 2272 1342 2350 prout
1359 2269 1433 2334 tulit

261 2377 399 2454 ventus,
420 2377 457 2439 ut
478 2375 523 2439 ait
544 2375 669 2439 Seneca
689 2378 753 2456 (ep.
775 2376 837 2454 35).
869 2375 898 2437 ls
919 2375 1024 2453 solus,
1047 2374 1102 2455 qui
1117 2374 1271 2438 virtutem
1282 2375 1343 2438 sibi
1355 2376 1431 2439 ante

260 2481 368 2543 oculos
400 2481 510 2562 ponit,
540 2481 642 2544 habet
677 2482 840 2557 ,tenorem
872 2479 959 2544 vitae
986 2500 1045 2561 per
1066 2479 1176 2544 omnia
1197 2483 1431 2546 consonantem

261 2584 351 2648 sibi”.
373 2585 403 2649 ls
424 2586 511 2650 solus
536 2585 619 2664 ,agit
642 2604 744 2649 unum
765 2584 962 2648 hominem”.
983 2584 1078 2662 (Vide
1087 2583 1172 2664 Lips.
1187 2604 1273 2649 man.
1286 2587 1306 2649 l.
1319 2585 1344 2648 ll
1356 2585 1431 2650 diss.

261 2691 307 2754 15.
330 2690 393 2755 Cic.
416 2692 456 2756 de
478 2691 532 2754 fin.
555 2691 605 2754 lV.
627 2692 655 2755 6.
695 2690 741 2754 uf.
763 2691 851 2755 Pers
874 2694 933 2754 sat.
955 2691 996 2754 lll
1017 2709 1063 2754 vs.
1085 2690 1227 2764 ctu-62).

300 2796 398 2860 Stoici
419 2800 550 2875 tamen,
572 2797 627 2879 qui
649 2799 838 2877 sequuntur,
859 2796 1022 2877 putabant
1042 2795 1127 2860 hanc
1148 2794 1285 2859 Zenonis
1297 2798 1429 2860 senten·

259 2900 337 2964 tiam
362 2903 622 2979 (ὁμολογουμένως
643 2903 706 2978 ζῆν)
729 2921 845 2982 parum
868 2900 1025 2964 sufficere.
1057 2899 1232 2965 Cleanthes
1246 2900 1431 2984 igitnrsup-

258 3006 369 3086 plebat
391 3006 519 3070 dicens:
540 3006 717 3071 vivendum
740 3026 809 3071 esse
831 3007 1075 3084 ὁμολογουμένως
1097 3015 1134 3094 τῇ
1152 3006 1242 3085 φύσει.
1264 3006 1336 3072 Jam
1349 3009 1430 3073 scire

260 3112 378 3187 refert,
411 3131 476 3193 quo
507 3132 604 3176 sensu
635 3131 699 3177 vox
730 3114 870 3176 naturae
902 3111 943 3175 sit
971 3111 1198 3192 intellegenda.
1236 3112 1377 3176 Planum
1392 3113 1428 3177 'et

259 3217 470 3281 manifestum
492 3222 540 3281 est
562 3218 614 3282 hic
634 3237 701 3282 non
713 3217 921 3297 cogitandum
935 3235 1005 3281 esse
1017 3216 1058 3280 de
1070 3219 1188 3280 natura
1200 3217 1428 3297 animantium,

261 3325 358 3402 prout
378 3323 484 3387 ventri
507 3342 545 3386 ac
565 3322 702 3387 lubidini
723 3326 848 3404 parent.
880 3322 1006 3386 Natura
1027 3319 1142 3385 Stoicis
1154 3321 1256 3385 multo
1267 3323 1371 3404 magis
1383 3327 1432 3388 est

260 3427 424 3508 quaedam
456 3429 507 3492 lex
539 3430 571 3490 et
593 3427 695 3505 ratio,
724 3426 840 3507 quibus
861 3429 948 3490 totus
969 3426 1112 3490 mundus
1134 3430 1166 3490 et
1186 3430 1298 3508 partes
1320 3429 1388 3493 eius
1411 3452 1431 3496 a

258 3531 650 3612 providentiareguntur3
672 3532 721 3595 est
732 3534 820 3596 recta
831 3531 915 3596 ratio
926 3551 984 3612 per
999 3531 1110 3595 omnia
1120 3550 1314 3611 permeans;
1333 3538 1431 3598 est-'

257 3640 294 3704 ut
314 3637 405 3704 brevi
426 3636 674 3700 dicam-deus
693 3635 770 3716 ipse,
792 3639 828 3699 ut
839 3639 952 3717 postea
964 3635 1146 3700 videbimus
1161 3641 1198 3711 ὃ).
1229 3637 1431 3722 Quicumque

258 3742 334 3807 huic
354 3742 416 3823 legi
437 3741 608 3823 perfectae,
630 3741 706 3805 huic
726 3740 811 3804 vitae
834 3740 963 3804 divinae
974 3741 1165 3806 submittere
1177 3761 1211 3806 se
1223 3743 1300 3822 vult,
1318 3743 1345 3807 is
1355 3763 1430 3827 pro-

258 3957 365 4036 potest
386 3953 447 4017 nisi
470 3952 629 4033 despectis
652 3955 751 4032 atque
772 3950 965 4032 contemptis
987 3951 1084 4014 rebus
1096 3951 1264 4029 humanis;
1286 3952 1429 4034 quivult,

259 4059 346 4142 quod
378 4059 463 4123 Deus
484 4058 571 4136 vult,
604 4057 733 4121 sibimet
753 4055 814 4138 ipsi
835 4059 1019 4137 temperare
1041 4056 1120 4136 scit,
1142 4056 1191 4119 sui
1215 4075 1347 4137 compos
1372 4060 1428 4121 est.

258 4164 347 4230 Talis
378 4164 466 4241 vita,
498 4163 664 4244 quidest,
686 4161 748 4226 nisi
770 4161 803 4224 id
825 4161 912 4242 quod
934 4162 1021 4225 Zeno
1043 4160 1201 4226 intendit:
1238 4160 1363 4237 ,Vitam
1385 4161 1428 4226 ad

259 4290 409 4335 normam
430 4268 557 4332 virtutis
579 4267 747 4348 dirigeret

299 4375 404 4441 Etiam
428 4373 608 4438 accuratius
631 4375 663 4436 et
685 4371 786 4436 artius
812 4371 948 4449 „tinem”
970 4371 1037 4436 sive
1060 4369 1228 4451 ,ultimum
1246 4370 1428 4436 bonorum'’

749 4754 837 4814 A
943 4676 1163 4758 *⁴1
