3382 5056
818 549 966 648 71¹

250 743 308 790 rex
325 725 378 789 vel
398 723 425 789 si
446 725 501 806 qui
523 725 604 790 alius
625 724 817 804 invenietur,
839 727 895 809 qui
915 745 1017 792 unum
1040 728 1138 808 atque
1158 725 1263 790 solum
1287 722 1422 801 bonum,

249 829 423 910 virtutem,
453 836 541 914 potet.
582 830 768 896 Proficienti
799 831 896 914 igitur
915 832 978 897 hoc
1000 850 1118 896 munus
1140 828 1421 895 administrandae

249 933 446 1016 reipublicae
467 953 534 999 non
555 939 709 1017 negatum
732 939 799 1015 est,
820 938 879 1003 sed
904 937 1078 1018 ,inspicere
1100 936 1257 1001 debemus
1279 933 1421 1015 primum

250 1043 379 1105 nosmet
409 1040 515 1123 ipsos,
544 1039 661 1105 deinde
683 1060 767 1123 quae
799 1042 1006 1124 aggredimur
1038 1041 1187 1124 negotia,
1210 1039 1328 1105 deiude
1350 1057 1424 1117 eos,

251 1163 389 1226 quorum
422 1163 539 1221 carisa,
571 1148 628 1210 aut
659 1164 733 1210 oum
765 1145 882 1228 quibus
914 1146 1077 1228 agendum
1105 1148 1163 1211 est.
1205 1143 1291 1207 Ante
1312 1142 1423 1208 omnia

250 1267 382 1314 necesse
404 1252 508 1315 estse
529 1249 636 1332 ipsum
658 1250 849 1317 aestimare:
878 1252 956 1335 quia
976 1251 1044 1316 fere
1056 1251 1137 1333 'plus
1157 1248 1252 1316 nobis
1273 1248 1423 1313 videmur

251 1372 365 1437 posse,
396 1373 496 1436 quam
516 1357 708 1438 possumus’'
730 1355 819 1435 (Seu.
843 1356 884 1422 de
904 1361 1013 1438 tranq.
1035 1375 1089 1421 an.
1108 1355 1151 1432 4).

294 1458 525 1537 ,Aestimanda
555 1462 631 1524 sunt
663 1459 782 1525 deinde
812 1461 903 1544 ipsa,
936 1481 1021 1544 quae
1044 1458 1268 1542 aggredimur,
1291 1459 1323 1522 et
1341 1458 1426 1524 vires

251 1566 382 1630 nostrae
420 1582 494 1628 cum
532 1564 648 1645 rebuS,
690 1584 771 1648 quas
809 1567 966 1633 tentaturi
999 1584 1135 1645 sumus,
1170 1562 1427 1645 comparandae.

250 1668 356 1734 Debet
386 1668 473 1734 enim
505 1688 634 1752 semper
664 1671 737 1754 plus
769 1690 840 1736 esse
872 1671 992 1736 virium
1024 1671 1058 1736 in
1088 1672 1235 1748 vectore,
1264 1685 1364 1750 quam
1393 1666 1428 1732 in

254 1792 372 1852 onere;
394 1793 526 1839 necesse
547 1777 596 1840 est
616 1775 804 1858 opprimant
824 1795 935 1858 onera,
957 1795 1042 1859 quae
1054 1776 1179 1840 ferente
1189 1773 1318 1839 maiora
1328 1772 1424 1839 sunt”

254 1878 357 1954 (ldem
377 1879 417 1954 5).

296 1984 471 2064 „Quotiens
501 1982 624 2066 aliquid
654 1986 842 2068 conaberis,
872 1989 906 2052 te
937 1985 1033 2051 simul
1065 1988 1098 2050 et
1120 2003 1180 2064 ea,
1203 2002 1289 2067 quae
1309 2001 1430 2066 paras,

256 2089 439 2174 quibusque
459 2089 606 2170 pararis,
626 2090 696 2172 ipse
717 2091 852 2157 metire’'
883 2091 970 2167 (Seu.
993 2091 1034 2156 dc
1055 2090 1105 2156 ira
1131 2090 1180 2155 lll.
1202 2090 1243 2166 7).

297 2195 349 2260 Tu
378 2193 582 2276 Alcibiades,
614 2195 669 2277 qui
702 2196 879 2263 ambitione
910 2197 1082 2277 incitatuS,
1114 2195 1235 2277 gloriae
1262 2214 1303 2260 ac
1322 2194 1430 2260 lunae

258 2301 411 2383 cupiduS,
434 2300 514 2366 alios
536 2299 584 2365 vis
605 2320 737 2383 regere,
758 2301 818 2367 tibi
837 2303 1000 2385 imperare
1020 2320 1088 2367 non
1108 2301 1218 2382 vales,
1239 2300 1302 2382 fige
1322 2299 1430 2364 hocin

258 2405 368 2471 animo
390 2408 422 2470 et
443 2405 522 2470 scito
546 2405 724 2487 ,imperare
741 2407 803 2471 sibi
823 2407 1004 2474 maximum
1014 2406 1188 2487 imperium
1200 2425 1280 2471 esse.
1309 2405 1432 2470 Doceat

259 2514 312 2591 tc,
343 2529 443 2593 quam
464 2529 558 2577 sacra
578 2531 631 2576 res
651 2511 694 2577 sit
713 2511 846 2594 iustitia,
868 2513 1011 2579 alienum
1032 2513 1156 2577 bonum
1178 2513 1339 2593 spectans,
1350 2507 1431 2574 nihil

260 2635 300 2681 ex
326 2635 365 2694 se
396 2619 526 2699 petens,
557 2616 620 2681 nisi
642 2635 736 2681 usum
757 2617 816 2684 sui.
848 2617 935 2683 Nihil
955 2619 997 2682 sit
1016 2617 1061 2682 illi
1083 2637 1157 2683 cum
1178 2614 1357 2681 ambitione
1380 2613 1396 2678 i
1414 2647 1429 2660 -

260 2740 398 2804 meque:
420 2721 481 2786 sibi
501 2722 638 2804 placeat.
672 2721 744 2788 Hoc
765 2727 842 2789 ante
862 2724 974 2789 omnia
994 2723 1055 2788 sibi
1078 2723 1215 2805 quisque
1225 2720 1432 2804 persuadeat,

263 2846 333 2906 ,me
353 2827 473 2892 iustum
495 2847 565 2893 esse
586 2827 686 2908 gratis
706 2829 865 2909 oportct'¹.
896 2829 1019 2894 Parum
1036 2832 1104 2906 est;
1130 2828 1238 2893 adhuc
1257 2825 1336 2890 illud
1357 2844 1431 2907 per-

259 2932 397 2997 suadeat
428 2931 490 2997 sihi
525 2951 595 3010 ,me
615 2932 650 2997 in
670 2933 756 2998 hanc
776 2933 1028 3015 pulcherrimam
1050 2933 1205 2997 virtutem
1226 2932 1311 2996 ultro
1333 2929 1432 2996 etiam

260 3037 450 3118 impendere
481 3037 588 3101 iuvet:
637 3039 742 3102 t.tota
763 3037 913 3118 cogitatio
935 3057 955 3102 a
975 3037 1110 3118 privatis
1132 3035 1311 3101 commodis
1333 3053 1432 3116 quam
1525 3084 1528 3088 .

260 3141 445 3222 longissime
467 3160 584 3206 aversa
603 3141 674 3206 sit''.
713 3142 787 3208 Non
808 3146 857 3207 est
878 3142 966 3224 quod
987 3144 1134 3224 spectes,
1156 3140 1244 3223 quod
1265 3139 1307 3205 sit
1327 3140 1433 3205 iustae

261 3247 308 3312 rei
339 3246 523 3330 praemium
550 3247 676 3326 maius,
714 3267 814 3330 quam
846 3247 967 3312 iustum
999 3266 1079 3312 esse.
1122 3246 1203 3311 lllud
1236 3246 1343 3311 adhuc
1373 3245 1433 3311 tibi

262 3351 376 3433 affige,
398 3351 487 3434 quod
507 3351 605 3434 paulo
627 3355 703 3418 ante
725 3351 894 3418 dicebam:
915 3339 995 3418 nihil
1018 3352 1060 3417 ad
1081 3371 1151 3416 rem
1171 3350 1321 3434 pertinet,
1333 3370 1434 3434 quam

262 3456 355 3522 multi
375 3456 574 3539 aequitatem
595 3460 687 3523 tuam
707 3459 868 3524 noverint.
900 3457 962 3536 Qui
984 3459 1138 3524 virtutem
1160 3475 1254 3522 suam
1275 3457 1434 3538 publicari

261 3563 350 3643 vult,
371 3581 439 3627 non
459 3562 570 3627 virtuti
590 3564 728 3645 laborat,
749 3564 808 3630 sed
828 3565 959 3646 gloriae.
990 3565 1064 3645 Non
1084 3563 1133 3628 vis
1155 3581 1226 3629 esse
1246 3562 1350 3627 iustus
1364 3562 1435 3628 sine

262 3667 391 3750 glorIa?
422 3670 457 3733 at
477 3668 677 3734 mehercules
698 3688 798 3754 saepe
819 3669 922 3735 iustus
944 3689 1015 3735 esse
1037 3668 1172 3735 debebis
1192 3687 1267 3733 oum
1289 3667 1434 3735 infamia.

263 3774 304 3840 ut
333 3776 428 3855 tunc,
454 3773 482 3840 si
502 3775 609 3856 sapis,
631 3775 719 3840 mala
740 3776 849 3858 opinio
869 3775 955 3858 bene
976 3778 1072 3858 parta
1094 3775 1253 3841 delectat’
1274 3774 1361 3850 (San.
1384 3792 1435 3855 ep.

266 3878 485 3956 1131nfine).

291 3983 412 4063 *Quum
441 3986 548 4052 adhuc
568 3987 664 4069 plane
685 3986 817 4080 ignarus
838 3987 882 4052 sis
902 3986 1102 4069 sapientiae,
1123 3984 1221 4068 igitur
1240 4003 1308 4050 non
1327 3984 1436 4065 noris,

263 4091 343 4173 quid
362 4091 490 4157 intersit
509 4092 595 4157 inter
614 4093 738 4184 bonum
760 4096 793 4159 et
812 4094 955 4174 malum,
977 4111 1062 4176 quae
1081 4092 1193 4157 omnia
1201 4111 1320 4176 parum
1332 4107 1436 4169 curas,

264 4195 344 4278 quin
365 4197 515 4264 omnibus
534 4197 723 4264 lihidinibus
745 4201 778 4264 et
797 4200 895 4265 rebus
917 4190 1058 4264 externis
1077 4197 1252 4279 inserviaS,
1273 4195 1436 4266 abstineto

264 4304 356 4368 tanto
377 4321 495 4388 opere,
516 4304 605 4387 quod
625 4303 791 4388 relinquas
812 4305 901 4388 aliis,
923 4323 1061 4389 quorum
1083 4306 1209 4370 mentes
1224 4307 1256 4370 et
1266 4302 1351 4369 vires
1362 4300 1438 4368 huic

264 4408 393 4478 muneri
413 4427 481 4476 non
501 4409 644 4498 impares
664 4412 750 4478 sunt.
