3402 5056
826 551 862 614 ll

251 729 430 797 sententias
451 728 492 793 de
513 727 610 794 rebus
631 728 698 792 sive
720 728 864 794 honestis
886 728 953 792 sive
975 728 1124 810 turpibus
1146 747 1310 808 nusquam
1320 728 1424 794 refor-

256 832 368 898 midet.

290 935 327 1001 In
358 938 476 1003 multos
507 956 633 1002 errores
658 938 744 1002 vitae
767 938 838 1003 usui
861 939 1057 1018 perniciosos
1080 938 1272 1018 prolabatur
1294 959 1427 1004 necesse

253 1045 321 1123 est,
353 1043 549 1126 quicumque
580 1042 735 1107 virtutem
767 1044 902 1108 ahene
932 1045 1060 1109 malove
1092 1043 1171 1108 actis
1198 1045 1429 1126 segregaverit.

253 1148 363 1214 Virtus
393 1149 508 1215 Stoicis
539 1167 631 1214 mera
652 1147 815 1228 sapientia
835 1151 893 1213 est.
934 1149 976 1214 Ut
999 1148 1095 1214 hodie
1117 1168 1248 1231 quoque
1268 1153 1354 1231 sunt,
1375 1151 1430 1232 qui

252 1253 468 1336 profiteantur
488 1254 558 1319 sola
578 1253 664 1333 fide,
686 1273 743 1318 seu
765 1253 839 1334 tide,
861 1273 961 1336 quam
984 1255 1085 1330 aiunt,
1108 1259 1239 1319 mortua
1259 1255 1429 1321 hominurn

254 1359 352 1425 saluti
382 1360 502 1442 optime
534 1358 701 1441 provisum
735 1358 793 1438 iri,
826 1358 872 1424 ita
906 1359 1090 1441 philosophi
1112 1359 1156 1423 illi
1177 1378 1271 1424 suam
1292 1359 1354 1424 sibi
1375 1380 1428 1426 sa·

256 1464 414 1546 pientiam
435 1465 593 1530 iactantes
614 1463 838 1529 sordidissima
860 1481 1010 1546 quaeque
1022 1463 1187 1529 interdum
1200 1463 1428 1530 admittebant.

254 1568 394 1634 Nomine
415 1571 541 1634 mutato
562 1567 678 1634 eadem
699 1568 811 1633 sabula
832 1569 948 1651 agitur.
983 1570 1149 1647 Attamen,
1172 1587 1274 1651 quum
1285 1569 1427 1635 attendi-

253 1694 326 1740 mus
347 1675 469 1757 optime
490 1676 634 1739 moratos
656 1674 741 1739 inter
761 1674 886 1739 Stoicos
907 1673 941 1740 id
962 1675 1023 1739 sibi
1048 1678 1198 1743 sanctum
1209 1675 1373 1753 habuisse,
1394 1677 1431 1739 ut

254 1799 307 1847 res
339 1765 490 1845 externas
521 1778 735 1860 despicientes
767 1799 825 1860 per
857 1780 1115 1846 moderationem
1141 1784 1173 1844 et
1194 1779 1427 1846 continentiam

254 1884 358 1953 vitam
378 1887 521 1968 agerent,
542 1884 687 1966 prolecto
709 1904 748 1950 ea
761 1885 906 1950 omnium
918 1885 1083 1950 rationum
1095 1885 1274 1952 ethicorum
1291 1885 1427 1950 summis

254 1990 405 2057 laudibus
435 1990 665 2072 prosequenda
696 1993 754 2066 est,
779 1992 812 2054 et
833 1990 931 2071 Lipsii
953 1991 1061 2056 verbis
1083 1991 1327 2056 assentiendum
1349 1991 1427 2055 scri·

256 2096 373 2162 bentis:
397 2095 531 2174 ,Divina
541 2095 760 2176 Providentia,
779 2095 969 2178 priusquam
981 2097 1086 2161 lucem
1097 2097 1276 2178 sapientiae
1287 2097 1428 2178 plenam,

257 2201 358 2266 missa
389 2201 461 2284 ipsa
492 2201 653 2288 sapientia
684 2201 717 2281 (i.
750 2221 776 2266 e.
808 2201 901 2283 Filio)
933 2201 1026 2267 nobis
1048 2206 1234 2284 spargeret,
1265 2203 1326 2266 hos
1347 2201 1429 2266 tales

257 2305 463 2389 praemisisse
493 2307 642 2386 videtur,
675 2309 712 2370 ut
732 2306 886 2371 scintillas
909 2306 977 2372 eius
999 2307 1195 2387 allucerent,
1227 2309 1259 2371 et
1281 2324 1429 2372 errorum

256 2411 475 2493 vitiorumque
507 2412 690 2479 cimmerias
721 2411 882 2493 quasdam
901 2413 1056 2478 tenebras
1078 2413 1255 2478 arcerent''.

745 2676 942 2691 fi*—

298 2833 333 2899 Si
355 2832 460 2899 ethica
482 2837 530 2899 est
552 2835 692 2916 fructus,
714 2837 849 2919 physica
870 2841 918 2902 est
940 2839 1047 2917 arbor,
1062 2857 1146 2920 quae
1166 2837 1305 2903 fructum
1317 2836 1428 2915 nutrit,

260 2939 393 3022 eiusque
424 2940 491 3006 vim
523 2941 655 3007 vitalem
676 2943 822 3008 sustinet.
857 2943 1034 3008 Scientiam
1056 2946 1185 3023 autem,
1207 2961 1273 3026 qua
1294 2959 1428 3022 cognos-

258 3048 375 3112 cuntur
406 3047 504 3127 deus,
535 3048 655 3128 homo,
688 3050 792 3130 ratio,
824 3068 909 3131 quae
930 3050 1015 3115 inter
1035 3051 1201 3114 hominem
1224 3051 1257 3113 et
1276 3049 1428 3113 naturam

256 3150 446 3232 intercedit,
467 3153 600 3235 physica
621 3155 732 3219 tradit.
763 3156 903 3220 Restant
923 3155 1020 3237 igitur
1041 3155 1101 3219 loci
1123 3155 1257 3237 quidam
1279 3139 1430 3218 demori-

257 3256 339 3336 bus,
360 3256 415 3338 qui
437 3257 642 3340 desiderant,
665 3262 700 3325 ut
721 3259 810 3340 prius
831 3263 959 3342 partem
980 3259 1164 3325 naturalem
1185 3259 1381 3324 intueamur.

300 3360 422 3426 Omnes
443 3381 515 3442 res,
536 3363 577 3427 de
599 3364 715 3445 quibus
740 3383 817 3446 pars
837 3365 995 3430 naturalis
1016 3365 1083 3429 sive
1104 3365 1238 3446 physica
1260 3363 1334 3445 agit,
1356 3366 1431 3428 sunt

258 3470 316 3532 aut
346 3485 484 3548 corpora
514 3470 571 3534 aut
602 3487 654 3533 res
683 3487 818 3551 corpore
841 3472 997 3534 carentes.
1030 3469 1096 3534 Sed
1118 3472 1296 3551 antequam
1318 3468 1359 3533 de
1380 3467 1431 3533 his

259 3572 417 3638 disserere
437 3571 579 3653 instituo,
601 3573 754 3639 lectorem
779 3574 941 3640 monitum
962 3575 1036 3639 volo
1055 3573 1246 3656 incorporea
1258 3573 1430 3639 iuratione
1512 3601 1514 3604 ·

257 3676 360 3743 stoica
382 3676 534 3758 exiguum
555 3678 661 3743 locum
683 3698 862 3762 occupare;
883 3683 968 3745 sunt:
990 3698 1149 3759 vacuum,
1170 3679 1268 3758 locus,
1290 3681 1430 3761 tempus,

257 3782 482 3866 praedicatum
512 3782 739 3862 (κατηγόρημα)
760 3786 828 3851 sire
849 3785 902 3866 id,
934 3784 1022 3868 quod
1044 3783 1085 3850 de
1108 3783 1217 3866 eliqua
1239 3804 1274 3849 re
1296 3784 1429 3850 enunci-

263 3892 356 3968 atm,
379 3888 524 3953 actalia.

300 3995 374 4074 Qua
393 3997 504 4059 mente
524 3993 622 4062 Stoici
635 4015 674 4061 ea
685 3996 877 4080 acceperint,
888 4015 973 4080 quae
984 4014 1122 4079 corpora
1132 4014 1199 4060 non
1209 3998 1300 4068 sunt,
1312 4014 1430 4078 parum

259 4102 370 4183 liquet.
401 4101 521 4166 Fontes
543 4102 737 4184 plerumque
759 4122 825 4167 non
837 4103 899 4167 nisi
909 4121 1036 4167 meram
1048 4101 1327 4168 enumerationem
1340 4101 1430 4166 dant.

260 4207 308 4270 De
329 4225 433 4270 vacuo
454 4210 569 4288 postea
588 4207 765 4272 videndum
788 4212 845 4273 est.
878 4209 999 4273 Locum
1022 4211 1055 4273 et
1075 4211 1203 4288 tempus
1225 4225 1280 4270 eas
1291 4205 1429 4288 formas,

261 4311 379 4394 quibus
399 4312 498 4376 homo
519 4331 570 4377 res
592 4313 690 4377 sentit
711 4332 749 4378 ac
769 4314 925 4397 percipit,
947 4313 1141 4378 intellexisse
1162 4313 1322 4379 videntur.

302 4408 397 4490 Quod
428 4410 544 4476 attinet
565 4410 607 4475 ad
630 4409 665 4472 τὸ
687 4412 794 4475 λεκτὸν
816 4413 1038 4494 (κατηγόρημα,
1061 4411 1149 4492 quod
1169 4410 1429 4476 Romanlverte·
