3382 5056
801 529 858 595 103

240 710 393 790 κόμενος”.
427 709 476 774 καὶ
506 705 569 786 ἐμοὶ
599 708 678 772 δοκεῖ
708 705 750 767 ἀεὶ
781 705 855 768 οὕτω
875 715 998 788 χρῆναι,
1022 706 1051 769 ἕν
1071 710 1110 785 γέ
1130 731 1159 769 τι
1180 708 1341 788 μανθάνειν
1362 705 1414 768 τὸν

132 809 136 816 ’
240 816 396 895 μέλλοντα
416 815 630 896 φιλοσοφήσειν,
652 811 701 876 καὶ
721 813 858 890 νεώτερον
878 813 948 873 ὀντα
969 813 1019 877 καὶ
1039 813 1259 892 πρεσβύτερον.

283 923 334 1000 ⁵⁸)
354 920 402 986 De
419 917 711 1002 procrastinatione
731 919 932 1001 reprehensa
951 918 1025 983 vide
1047 918 1123 985 Sen.
1144 920 1186 984 de
1206 920 1296 984 brev.
1308 919 1414 998 vit93

240 1025 316 1094 Sen.
338 1045 389 1108 ep.
413 1026 440 1090 1.

283 1135 333 1209 ⁵⁷)
354 1129 436 1196 Vide
456 1130 534 1210 Aeg.
556 1127 696 1210 Menagii
717 1127 980 1210 observationes,
1003 1129 1171 1212 segmtd:
1199 1129 1362 1212 „Apparet
1374 1149 1415 1195 ex

240 1237 423 1305 Stoicorum
443 1235 553 1316 libris,
574 1238 610 1300 ut
630 1254 708 1300 vere
733 1235 776 1300 ad
798 1234 901 1299 Persii
922 1238 982 1300 sat.
1003 1237 1041 1297 V.
1065 1234 1280 1301 casaubonus
1302 1234 1415 1300 obser·

241 1342 362 1423 rabat,
383 1340 542 1408 familiare
563 1341 597 1405 in
619 1360 674 1406 ore
696 1339 794 1405 fuisse
815 1343 1028 1423 praeceptum
1052 1339 1151 1406 Parce
1173 1340 1334 1424 temporit
1366 1339 1415 1406 uf.

243 1447 319 1514 Sen.
349 1467 399 1528 ep.
429 1447 488 1511 88:
524 1446 633 1524 „Adeo
664 1444 744 1512 mihi
769 1448 980 1528 praeceptum
1012 1446 1091 1511 illud
1111 1446 1257 1511 salutare
1280 1445 1418 1512 excidit:

247 1553 394 1637 Tempora·
416 1551 576 1637 parce?’';
608 1570 658 1632 ep.
680 1551 739 1616 94:
765 1550 899 1628 „Qualia
920 1554 996 1617 sunt
1017 1551 1091 1632 illa,
1114 1553 1172 1616 aut
1192 1550 1322 1618 reddita
1343 1570 1418 1618 ora·

243 1658 334 1738 culo,
356 1659 413 1722 aut
432 1656 569 1722 similia:
597 1656 742 1740 Tempori
761 1677 876 1740 parce:
897 1656 946 1720 Te
967 1675 1074 1721 nosce.
1100 1657 1182 1721 cet.”

286 1763 336 1844 58)
357 1761 404 1827 De
425 1763 487 1827 hoo
507 1762 660 1844 dogmate
680 1760 755 1826 ride
777 1761 862 1841 Lips.
886 1761 1020 1826 manud.
1041 1761 1096 1826 lib.
1116 1763 1162 1821 III
1185 1761 1261 1827 diss.
1276 1761 1332 1841 la
1355 1761 1419 1828 Cic.

246 1867 364 1934 defin.
387 1869 442 1928 ΙΙΙ.
466 1867 525 1932 75:
547 1867 638 1949 Diog.
661 1867 767 1932 Laert.
788 1869 858 1927 VII.
882 1867 949 1932 ln.

287 1974 337 2055 51)
357 1972 405 2038 De
426 1972 559 2053 01110110,
584 1992 669 2056 quae
692 1971 884 2037 dividuntur
903 1972 937 2037 in
958 1973 1188 2050 κατορθώματα
1201 1975 1233 2037 et
1244 1973 1420 2040 καθήκοντα
1510 2047 1512 2050 Ι

244 2078 319 2145 vide
339 2078 429 2160 Diog.
453 2080 561 2145 Laert.
581 2081 649 2140 VII.
664 2078 730 2157 108,
754 2078 831 2156 109;
864 2077 928 2144 Cic.
950 2078 1111 2143 (100111.
1137 2079 1207 2157 318;
1229 2078 1271 2143 de
1292 2078 1344 2144 off.
1366 2081 1421 2143 111.

245 2179 426 2266 31116111,
448 2186 538 2263 nam
560 2185 601 2250 de
623 2184 761 2249 decretis
784 2187 817 2248 et
837 2184 1020 2267 praeceptis
1040 2184 1115 2248 vide
1136 2183 1211 2251 Sen.
1234 2205 1283 2268 ep.
1304 2184 1420 2265 94,95;

246 2290 336 2356 Stob.
358 2291 415 2358 ecl.
435 2293 475 2351 ΙΙ.
498 2292 565 2372 158,
589 2291 656 2371 198,
677 2290 757 2368 980;
779 2289 866 2355 Sext.
887 2290 980 2373 Emp.
1003 2290 1076 2354 adv.
1098 2291 1200 2356 math.
1222 2292 1251 2369 9,
1274 2290 1321 2356 16.
1353 2289 1357 2296 ’

285 2396 377 2463 Haec
394 2397 558 2462 sufficiunt
568 2399 604 2461 ut
614 2396 741 2461 modice
762 2395 960 2478 intelligatur
977 2395 1151 2461 discrimen
1161 2396 1257 2461 huius
1267 2395 1315 2462 rei
1325 2396 1422 2461 valde

247 2501 423 2567 obscurae:
448 2501 578 2580 „Omnis
599 2501 640 2566 de
663 2500 775 2566 officiis
797 2500 917 2583 duplex
938 2503 987 2566 est
1008 2501 1165 2583 quaestio.
1186 2500 1297 2566 Unum
1319 2519 1421 2583 genus

248 2611 313 2689 est,
336 2607 423 2690 quod
443 2607 586 2689 pertinet
607 2606 650 2672 ad
671 2606 771 2671 finem
791 2606 971 2671 bonorum:
1001 2606 1148 2685 alterum,
1171 2605 1260 2689 quod
1280 2605 1424 2689 positum

248 2717 297 2780 est
316 2713 350 2778 in
373 2713 565 2797 praeceptis,
587 2712 705 2795 quibus
725 2711 759 2776 in
781 2731 895 2777 omnes
916 2714 1027 2794 partes
1040 2731 1118 2776 usus
1128 2711 1215 2777 vitae
1228 2710 1424 2778 conformari

247 2816 368 2902 possit''
401 2816 478 2894 (Cic.
510 2818 551 2882 de
572 2817 625 2882 off.
647 2818 670 2881 l.
691 2818 761 2898 317).
808 2819 891 2896 ,Τῶν
911 2819 1106 2888 καθηκόντων
1126 2813 1167 2876 τὰ
1188 2813 1244 2894 μὲν
1265 2806 1332 2877 εἶναι
1352 2835 1423 2896 φασι

247 2924 358 3001 τέλεια,
381 2922 456 2986 aot
477 2923 705 3000 κατορθώματα
727 2922 860 2998 λέγεται.
883 2923 1063 2998 κατὸρθωρα
1081 2911 1177 2981 δἐἶναι
1187 2919 1223 2982 τὸ
1234 2923 1305 2986 κατ’
1317 2920 1423 2999 ἀρετὴν

247 3026 407 3106 ἐνέργημα,
431 3021 487 3087 οἷον
507 3025 542 3086 τὸ
563 3036 683 3108 φρονεῖν,
706 3024 742 3086 τὸ
752 3027 982 3103 δικαιοπραγεῖν
997 3024 1047 3089 οὐκ
1060 3016 1126 3086 εἶναι
1135 3023 1169 3086 δὲ
1179 3026 1422 3104 κατορθώματα,

248 3133 288 3195 τὰ
320 3133 362 3211 μὴ
386 3131 477 3204 οὕτως
498 3132 624 3214 ἔχοντα,
654 3131 729 3196 ull
750 3129 813 3192 οὐδὲ
834 3131 933 3192 τέλεια
956 3135 1133 3204 καθήκοντα
1157 3134 1422 3210 προσαγορεύουσι,

248 3239 331 3300 ἀλλὰ
351 3239 444 3317 μέσα,
467 3233 523 3298 οἷον
533 3237 568 3298 τὸ
579 3246 700 3315 γαμεῖν,
712 3234 748 3296 τὸ
761 3235 947 3313 πρεσβεύειν,
960 3235 996 3298 τὸ
1007 3237 1206 3313 διαλέγεσθαι
1227 3237 1424 3317 (Stobaeus).

290 3345 353 3412 Cic.
376 3345 417 3410 de
438 3343 485 3409 off
512 3346 537 3405 Ι.
557 3343 626 3408 3181
650 3342 776 3424 „Atque
798 3341 897 3407 etiam
918 3342 983 3408 alia
1003 3342 1119 3407 divisio
1141 3345 1190 3407 est
1211 3342 1317 3408 officii.
1339 3341 1425 3408 Nam

249 3453 282 3517 et
311 3449 449 3517 mediam
469 3447 636 3531 quoddam
656 3446 799 3512 officium
819 3447 937 3512 dicitur
960 3450 993 3512 et
1011 3449 1195 3531 perfectum.
1237 3447 1424 3513 Perfectum

251 3555 394 3622 officium
403 3557 538 3633 rectum,
563 3551 688 3635 opinor,
698 3570 863 3631 vocemus,
883 3552 972 3634 quod
994 3551 1109 3618 Graeci
1132 3555 1339 3631 κατόρθωμα;
1363 3553 1427 3618 hoc

253 3663 363 3726 autem
385 3678 557 3726 commune
577 3656 746 3738 (officium)
766 3663 901 3726 casnm
921 3661 1050 3723 vocant.
1092 3658 1201 3742 Atque
1224 3678 1264 3725 ea
1284 3658 1330 3724 sio
1345 3657 1425 3724 defi·

251 3765 362 3843 nunt,
395 3767 432 3830 ut
461 3767 587 3830 rectum
618 3763 707 3846 quod
734 3763 795 3844 sit,
829 3763 863 3828 id
883 3763 1025 3828 officium
1045 3762 1224 3845 perfectum
1247 3763 1424 3830 definiant:

252 3870 398 3936 medium
429 3873 540 3935 autem
571 3867 714 3934 officium
734 3868 768 3934 id
790 3888 860 3934 esse
880 3869 1011 3949 dicunt,
1034 3869 1122 3952 quod
1143 3888 1200 3934 cur
1221 3869 1343 3936 factum
1365 3869 1424 3951 sit,

253 3975 337 4042 ratio
358 3973 537 4058 probabilis
556 3974 649 4040 reddi
671 3973 801 4056 possit''.

297 4079 346 4164 ⁸⁰)
368 4080 511 4147 Graece:
532 4075 702 4158 ὀρθοτεδετν
722 4073 751 4140 ἐν
771 4085 814 4159 τῷ
833 4077 902 4160 βίῳ.
944 4078 1425 4148 ul.Turneb.adv.xvn1.1l.

253 4184 335 4253 Vide
355 4187 460 4252 Plum.
483 4205 512 4253 a.
534 4187 566 4253 h.
588 4187 607 4254 l.
649 4187 705 4252 Est
724 4185 921 4268 metaphora
941 4186 983 4252 ab
1004 4185 1192 4252 hominibus
1212 4205 1280 4252 non
1303 4184 1426 4253 scauris

254 4291 437 4376 desumpta.

298 4401 346 4484 11)
365 4397 466 4484 Epict.
497 4397 611 4484 fragm.
642 4399 682 4468 53
704 4397 753 4466 ed.
775 4396 956 4484 Schweigh.
977 4417 1009 4484 p.
1032 4397 1098 4466 193.
1121 4395 1169 4467 Cf.
1190 4394 1274 4467 Plut.
1296 4397 1338 4466 de
1357 4417 1427 4490 rep.
