3382 5056
829 521 870 586 90

261 702 338 769 iacit
357 705 392 770 in
413 703 549 786 epistola
569 703 629 784 56,
660 703 694 768 in
715 721 781 785 qua
802 702 1007 769 demonstrat
1033 703 1214 781 ,silentium
1235 705 1270 772 in
1290 705 1435 772 studium

262 809 404 891 seposito
436 827 504 874 non
535 811 604 873 tam
625 807 846 873 necessarium
868 827 958 883 esse,
990 801 1091 891 quam
1111 810 1258 876 videtur”
1281 814 1314 877 et
1334 811 1438 894 magis

262 914 444 996 optandum
475 933 546 978 esse
577 912 742 981 silentium
763 913 937 977 internum.
980 912 1118 979 Scribit:
1155 915 1328 994 ,Animum
1350 915 1438 982 enirn

264 1037 342 1101 cogo
363 1018 424 1084 sibi
448 1018 611 1086 intentum
634 1037 724 1098 esse,
744 1036 805 1082 nec
825 1017 956 1082 avocari
978 1017 1021 1082 ad
1042 1021 1187 1085 externa.
1222 1019 1342 1085 Omnia
1363 1020 1439 1089 licet
1511 1015 1513 1019 ’

263 1122 341 1189 foris
361 1127 534 1200 resonent,
555 1124 635 1188 dum
656 1123 743 1187 intus
764 1122 844 1188 nihil
867 1123 1024 1188 tumultus
1045 1124 1106 1203 sit,
1128 1124 1207 1189 dum
1229 1124 1314 1190 inter
1324 1145 1360 1191 se
1372 1145 1439 1192 non

264 1228 410 1294 rixentur
432 1229 592 1310 cupiditas
613 1231 646 1293 et
666 1228 782 1303 timor,
804 1229 883 1293 dum
904 1230 1039 1294 coaucta
1058 1230 1250 1315 incertaque
1269 1231 1439 1297 eondisci-

265 1333 377 1414 deant,
398 1356 453 1401 nec
473 1332 573 1400 ultera
592 1335 725 1398 alteram
745 1339 837 1399 vexet.
859 1333 943 1400 Nam
954 1334 1032 1416 quid
1044 1335 1177 1415 prodest
1188 1335 1288 1401 totius
1299 1335 1439 1418 regionis

266 1438 453 1516 silentium,
475 1439 501 1503 si
524 1439 657 1505 affectus
678 1438 867 1504 tremunt?'’

306 1543 405 1610 Stoici
426 1562 528 1627 quum
548 1544 674 1625 ponant
688 1546 838 1626 ,peccata
849 1542 999 1626 aequalia
1011 1544 1111 1624 esse”‚
1121 1543 1266 1627 sequitur
1276 1547 1313 1609 ut
1322 1563 1438 1611 omnes

266 1649 410 1730 affectus,
432 1648 587 1731 aquibus
609 1652 742 1730 peccata
762 1647 912 1713 oriuntur
933 1667 1037 1731 aeque
1058 1648 1237 1715 damnandi
1252 1649 1326 1715 sint.
1348 1649 1440 1728 Quae

266 1759 378 1821 tamen
397 1754 523 1820 Seneca
543 1752 680 1836 praehet
699 1753 852 1834 legenda,
874 1753 968 1819 nobis
978 1755 1177 1836 persuadent
1188 1755 1268 1820 alios
1278 1755 1441 1838 turpiores

268 1878 338 1927 esse
360 1859 439 1926 aliis.
470 1860 637 1941 Expressis
658 1859 766 1924 verbis
788 1878 848 1924 nos
869 1859 964 1924 docet
986 1859 1197 1940 philosophus
1217 1859 1270 1925 ille
1290 1859 1440 1942 incapite

267 1968 310 2033 60.
335 1964 566 2049 disquisitionis
588 1982 666 2029 suae
688 1964 729 2029 de
750 1963 909 2030 brevitate
930 1963 1038 2030 vitae:
1071 1963 1125 2042 ,ln
1145 1964 1260 2046 primis
1282 1967 1394 2031 autem
1405 1969 1437 2032 et

271 2072 342 2137 illos
363 2087 520 2147 numero,
542 2069 598 2151 qui
618 2067 697 2135 nulli
717 2068 785 2148 rei,
805 2068 867 2133 nisi
889 2069 966 2134 rino
987 2087 1026 2134 ac
1047 2068 1171 2134 libidini
1191 2072 1329 2148 vacant3
1360 2070 1440 2136 nulli

272 2177 360 2242 enim
374 2174 502 2257 turpius
524 2173 671 2256 occupati
692 2175 788 2252 sunt3
810 2173 928 2253 ceteri,
949 2173 1049 2240 etiam
1069 2174 1097 2238 si
1116 2159 1337 2256 vanegloriae
1353 2177 1442 2242 tene

274 2285 392 2364 antur,
413 2280 557 2364 speciose
588 2283 699 2344 tamen
731 2283 850 2346 errant.
892 2280 982 2346 Licet
1011 2301 1123 2346 avaros
1152 2280 1254 2359 mihi,
1284 2281 1360 2346 licet
1388 2281 1440 2346 vel

273 2388 447 2459 iracundos
479 2404 670 2466 enumeres,
700 2386 752 2450 vel
783 2385 860 2450 odia
880 2388 1069 2451 exercentes
1093 2384 1233 2466 iniusta,
1263 2386 1316 2450 vel
1336 2384 1441 2451 bella:

273 2515 388 2563 omnes
409 2492 461 2558 isti
481 2490 604 2556 virilius
624 2492 781 2572 peccant;
802 2489 836 2557 in
847 2491 1008 2556 Venerem
1023 2495 1055 2532 ⁰⁸
1059 2503 1071 2570 l
1091 2509 1128 2556 ac
1139 2489 1307 2556 libidinem
1318 2490 1442 2574 proiec-

270 2608 379 2670 torum
399 2599 573 2665 inhonesta
592 2596 683 2662 labes
705 2598 783 2661 est¹’.

311 2706 374 2785 Qui
403 2702 493 2769 dedit
523 2720 557 2765 se
591 2700 736 2766 avaritae
766 2701 892 2766 virilius
923 2701 1021 2783 igitur
1040 2704 1174 2783 peccat,
1195 2721 1296 2785 quam
1317 2702 1366 2784 is,
1388 2702 1442 2785 qui

274 2811 421 2880 luxuriae
442 2808 657 2888 obtemperet.
699 2806 848 2873 Avaritia
872 2807 969 2887 igitur
989 2808 1142 2888 ponenda
1163 2807 1243 2872 mihi
1262 2807 1392 2872 ridetur
1406 2807 1441 2872 in

255 2939 314 2991 ,ea
334 2920 429 3000 parte
450 2912 646 2979 irrationalis
666 2912 792 2994 partis,
813 2913 903 2996 quod
923 2916 1058 2978 vocatur
1079 2909 1114 2973 τὸ
1135 2914 1263 2992 sapen
1283 2911 1445 2978 siveiras·

274 3044 360 3092 cens.
401 3020 485 3086 Hinc
505 3018 578 3083 hilis
600 3019 758 3083 masculus
779 3018 905 3084 dicitur.
932 3017 1145 3084 Notissimum
1166 3023 1216 3085 est
1236 3018 1336 3083 bilem
1347 3037 1446 3100 saepe

273 3125 424 3210 usurpari
448 3144 508 3206 pro
529 3124 597 3197 ira,
630 3127 662 3189 et
685 3121 847 3190 insaniem
872 3144 912 3190 ex
933 3124 983 3189 ira
1004 3125 1092 3190 oriri.
1132 3125 1227 3189 Hanc
1249 3124 1291 3189 ob
1313 3142 1446 3190 causam

274 3233 379 3299 verba
403 3231 524 3310 ,calido
545 3229 606 3295 sub
626 3231 758 3310 pectore
780 3232 839 3294 cet.
860 3247 945 3294 urna
963 3228 1123 3294 circutae”
1136 3228 1182 3294 sic
1199 3228 1448 3310 interpretanda

278 3337 359 3405 mihi
379 3336 551 3402 videnturz
570 3337 707 3400 tantane
728 3333 857 3400 insania
877 3337 910 3400 te
930 3333 1110 3417 occupavit,
1131 3336 1168 3400 ut
1189 3353 1229 3400 ea
1246 3333 1447 3400 nullomodo

277 3442 379 3529 possit
399 3440 536 3507 sanarit
1364 3443 1366 3447 ’

316 3547 420 3613 Bilem
433 3545 613 3623 tiramlsub
634 3547 765 3628 pectore
786 3547 983 3624 tumescere,
1005 3546 1038 3613 et
1051 3548 1164 3628 pectus
1175 3544 1316 3611 calidum
1326 3543 1448 3626 vocari,

276 3653 364 3720 dicta
384 3656 460 3719 sunt
480 3671 548 3717 non
569 3633 677 3716 ali'erm
700 3650 801 3716 stoico
822 3668 888 3716 ore.
930 3649 1048 3716 Scribit
1069 3651 1156 3715 enirn
1176 3649 1302 3717 Seneca
1322 3649 1377 3731 (de
1399 3649 1449 3716 ira

276 3759 314 3824 ll.
337 3758 407 3838 19)ss
432 3757 563 3837 ,volunt
583 3757 695 3838 itaque
717 3755 852 3839 quidam
874 3776 914 3821 ex
934 3755 1054 3821 nostris
1075 3755 1216 3837 (Stoicis)
1233 3755 1314 3821 iram
1328 3755 1362 3820 in
1372 3774 1449 3836 pec·
1555 3792 1558 3794 ·

277 3867 348 3930 tore
378 3862 522 3944 moveri,
544 3862 774 3928 effervescente
798 3861 884 3949 circa
905 3879 960 3926 cor
980 3860 1148 3943 sangnine.
1184 3855 1299 3926 'Causa
1319 3878 1377 3926 cur
1397 3860 1450 3926 hic

279 3967 485 4053 potissimum
506 3966 688 4049 assignetur
709 3966 777 4032 irae
798 3965 906 4048 locus,
926 3966 1078 4031 nonalia
1099 3967 1165 4047 est,
1186 3983 1285 4047 quarn
1307 3965 1395 4049 quod
1416 3965 1450 4031 in

279 4077 348 4140 toto
371 4092 507 4156 corpore
529 4071 761 4138 calidissimum
781 4073 893 4154 pectus
915 4071 993 4136 est'’.
1016 4070 1134 4136 Totam
1152 4069 1237 4138 hanc
1248 4070 1406 4158 avaritiae
1417 4073 1450 4136 et

281 4179 429 4246 luxuriae
451 4178 605 4244 fabellam
625 4176 749 4242 inducit
759 4176 911 4256 Persius,
933 4179 969 4241 ut
989 4175 1141 4242 ostendat
1162 4194 1294 4248 omnes,
1317 4175 1451 4258 quinon

280 4285 464 4352 didicerunt
484 4281 546 4350 sibi
567 4281 749 4366 imperare,
770 4281 827 4366 qui
847 4280 945 4364 igitur
964 4299 1032 4348 non
1052 4280 1191 4347 instituti
1205 4280 1450 4365 suntdoctrina,

289 4409 375 4485 quae
406 4389 477 4459 sola
507 4387 595 4458 ducit
625 4387 669 4457 ad
698 4387 853 4458 vinalem
884 4386 904 4456 i.
926 4406 953 4455 e.
986 4386 1029 4456 ad
1059 4405 1223 4456 summam
1244 4385 1451 4478 felicitatem,
