3382 5056
838 555 875 620 91

268 749 398 812 semper
418 731 539 815 ubique
560 753 670 799 secum
691 733 948 800 controversiam
968 733 1113 816 habere,
1133 731 1212 816 quid
1233 731 1342 814 agant,
1364 729 1444 816 quid

269 833 452 916 sectantum
474 841 506 903 et
527 839 613 905 hanc
633 839 676 905 ob
697 859 768 906 rem
789 839 926 905 miseros
948 859 1029 906 esse.
1440 849 1442 854 '

311 941 364 1007 Vs.
389 943 555 1009 157-160.
597 945 669 1010 Noli
688 948 805 1027 putare
826 947 878 1025 te,
900 965 1001 1028 quum
1025 945 1126 1012 semel
1146 943 1311 1010 obstiteris
1322 942 1444 1010 affecti-

271 1047 353 1127 bus,
383 1047 450 1113 iam
480 1048 618 1115 liberum
639 1070 720 1116 esse.
751 1050 841 1116 Sicut
863 1051 972 1133 canis,
994 1051 1050 1135 qui
1073 1051 1128 1116 diu
1148 1050 1288 1116 luctatus
1308 1048 1445 1114 tandem

272 1155 423 1218 catenam
454 1153 638 1236 abrumpit,
670 1155 728 1220 sed
758 1175 914 1238 magnam
943 1157 1011 1222 eius
1038 1159 1168 1240 partem
1191 1173 1301 1221 secum
1322 1152 1444 1234 trahit,
1554 1224 1556 1229 .

273 1277 339 1340 qua
369 1257 461 1323 facile
482 1261 713 1341 comprehendi
732 1265 765 1327 et
786 1261 828 1327 ad
849 1261 1019 1327 dominum
1040 1261 1152 1329 reduci
1172 1261 1300 1343 potest,
1321 1259 1368 1326 ita
1389 1261 1445 1340 tu,

273 1362 329 1446 qui
349 1361 481 1444 quidem
503 1367 603 1431 semel
623 1366 675 1432 vel
695 1366 744 1432 bis
766 1367 846 1433 vitia
866 1367 989 1447 vicisti,
1016 1369 1075 1434 sed
1097 1387 1209 1434 eorum
1231 1365 1358 1432 semina
1378 1383 1446 1431 non

272 1467 426 1533 radicitus
457 1487 497 1535 ex
518 1471 627 1536 animo
648 1473 779 1555 eruisti,
810 1492 895 1557 quae
916 1477 953 1540 ut
973 1476 1124 1540 catenam
1144 1474 1252 1538 tecum
1273 1470 1378 1553 geris,
1411 1469 1446 1536 in

274 1592 312 1638 ea
333 1573 412 1639 vitia
432 1573 524 1641 facile
546 1576 710 1642 relaberis.
732 1577 863 1645 Pristini
884 1579 932 1645 tui
954 1579 1097 1660 domini,
1120 1579 1272 1659 affectus,
1294 1578 1446 1643 catenam

273 1678 359 1746 hanc
380 1679 537 1760 arripient
559 1685 592 1748 et
611 1685 718 1748 totum
739 1686 771 1749 te
792 1684 826 1749 in
847 1685 1038 1750 servitutem
1059 1684 1226 1751 reducent.

315 1783 440 1851 Similia
459 1787 597 1868 praebet
618 1788 743 1856 Seneca
763 1789 818 1871 (de
838 1790 907 1856 vita
926 1791 1042 1872 beata,
1066 1791 1103 1856 16
1123 1789 1158 1855 in
1179 1789 1277 1866 final:
1302 1787 1385 1868 ,Sed
1406 1787 1446 1870 ei,

275 1889 331 1973 qui
352 1890 395 1955 ad
414 1890 568 1957 virtutem
588 1893 696 1959 tendit
708 1893 767 1976 ⁰⁷),
788 1895 887 1960 etiam
909 1896 936 1962 si
957 1897 1096 1962 multum
1116 1893 1282 1978 processit,
1304 1913 1387 1977 opus
1398 1895 1447 1959 est

275 1998 388 2062 tamen
419 1997 529 2080 aliqua
558 1998 709 2064 fortunae
729 1999 951 2083 indulgentia,
980 2001 1087 2069 adhuc
1108 2000 1193 2066 inter
1212 1999 1360 2066 humana
1379 1999 1448 2064 luo·

276 2099 379 2181 tanti,
410 2101 490 2166 dum
520 2103 645 2169 nodum
672 2104 764 2170 illum
785 2105 921 2173 exsolvit
943 2109 975 2172 et
995 2125 1093 2173 omne
1114 2105 1279 2172 vinculum
1299 2103 1448 2171 mortale.

277 2205 363 2285 Quid
394 2226 470 2289 ergo
491 2207 653 2276 interest?
684 2211 773 2294 quod
797 2211 850 2277 alii
872 2212 993 2294 alligati
1013 2214 1109 2292 sunt,
1130 2209 1185 2278 alii
1208 2208 1373 2290 adstricti,
1395 2207 1449 2275 alii

277 2310 412 2377 districti
443 2331 583 2397 quoque.
627 2315 706 2397 Hic,
728 2315 783 2399 qui
805 2317 848 2382 ad
870 2317 1039 2399 superiora
1058 2335 1248 2400 progressus
1270 2317 1338 2395 est,
1360 2317 1394 2379 et
1413 2332 1448 2381 se

277 2416 372 2482 altius
393 2418 516 2499 extulit,
537 2420 647 2486 laxam
668 2424 819 2488 catenam
845 2424 955 2506 trahit,
977 2423 1124 2489 nondum
1147 2421 1238 2502 liber,
1260 2420 1449 2487 iamlamen

276 2541 337 2605 pro
357 2521 490 2589 libero”.

316 2627 504 2695 Simillimus
525 2630 598 2696 cani
619 2631 683 2712 illi,
707 2632 763 2715 qui
784 2632 903 2699 vinculi
924 2633 1012 2716 rupti
1027 2631 1185 2698 maiorem
1196 2633 1326 2715 partem
1336 2647 1448 2696 secum

227 2759 230 2763 ·
276 2735 395 2816 trahit,
424 2738 473 2802 est
500 2736 758 2805 Chaerestratus
789 2739 931 2806 Pulchra
951 2738 1128 2819 meretrix,
1149 2735 1281 2820 Chrysis
1302 2735 1449 2816 nomine,

276 2861 351 2907 eum
378 2843 469 2906 tenet
487 2861 601 2908 amore
621 2846 765 2926 captum.
796 2845 981 2929 Aliquando
1002 2848 1114 2911 tamen
1135 2842 1188 2908 ille
1208 2841 1338 2909 vincula
1358 2861 1449 2906 rum-

275 2964 354 3028 pere
384 2945 511 3027 studet,
543 2947 612 3013 sive
643 2950 732 3031 quod
753 2949 795 3015 ab
817 2968 857 3016 ea
877 2950 1051 3032 deceptum
1071 2969 1107 3014 se
1127 2951 1243 3032 putet,
1271 2947 1339 3012 sive
1361 2948 1450 3030 quod

277 3050 386 3134 aliquo
407 3051 548 3134 impulsu
570 3053 612 3118 ad
633 3054 859 3136 corrigendam
879 3055 981 3121 vitam
1003 3057 1183 3120 moveatur.
1219 3053 1339 3134 Davus,
1361 3053 1450 3136 quod

277 3158 428 3223 dominus
449 3176 484 3223 se
505 3159 548 3225 ad
569 3159 741 3226 meliorem
761 3160 865 3227 vitam
885 3161 968 3226 velle
989 3160 1096 3226 redire
1117 3162 1276 3239 testatur,
1297 3159 1328 3225 ei
1337 3159 1449 3241 gratu·

277 3263 373 3329 latur.
405 3263 498 3328 Tunc
519 3263 592 3345 ille,
613 3263 703 3329 cuius
724 3265 758 3330 in
780 3266 891 3332 animo
912 3285 1006 3331 amor
1027 3285 1105 3348 erga
1126 3264 1295 3331 dominam
1316 3263 1366 3329 sui
1377 3282 1448 3329 cor·

278 3368 328 3434 dis
359 3386 433 3434 cum
463 3368 712 3450 cogitationibus
743 3371 930 3436 melioribus
951 3371 1115 3436 luctatur:
1146 3373 1306 3452 putasne,
1337 3368 1449 3450 Dave,

279 3473 472 3558 Chrysidem
492 3473 735 3541 lacrimaturam
757 3495 847 3557 esse,
870 3495 973 3560 quum
994 3475 1093 3542 sentit
1113 3495 1148 3540 se
1170 3494 1190 3541 a
1210 3494 1263 3540 me
1286 3474 1451 3541 desertam

279 3598 359 3645 esse.
375 3578 520 3659 ¹Dauus,
542 3579 598 3663 qui
619 3579 735 3652 herum
755 3600 850 3648 suum
872 3583 969 3664 plane
989 3580 1159 3664 pernovit,
1180 3578 1368 3663 respondit:
1390 3599 1452 3646 nu·

279 3703 337 3766 gas
369 3684 456 3766 edis,
486 3683 533 3750 mi
563 3684 662 3752 heret
694 3685 827 3771 Chrysis
847 3706 914 3753 non
934 3685 1095 3769 plorabit,
1117 3704 1195 3752 nam
1216 3684 1318 3768 probe
1339 3684 1399 3750 scit
1419 3687 1452 3750 te

280 3789 324 3856 ad
343 3789 449 3873 ipsam
460 3789 641 3856 rediturum
653 3809 731 3857 esse.
753 3791 834 3857 Eam
845 3811 913 3858 non
924 3791 1070 3858 invenies
1081 3789 1231 3857 lacrimas
1242 3789 1452 3857 fundenteme

281 3893 489 3978 castigaberis
510 3896 552 3961 ab
575 3915 623 3963 ea.
655 3895 774 3963 Desine
796 3897 950 3963 simulare
965 3896 1094 3963 leonem
1106 3897 1249 3977 captum,
1272 3895 1327 3978 qui
1338 3914 1454 3962 omnes

281 4019 399 4068 nervos
421 4001 604 4083 contendit,
624 4004 662 4067 ut
680 4002 812 4085 plagam
834 4003 973 4086 frangat.
994 4002 1109 4084 Nunc,
1130 4019 1232 4085 quum
1254 4019 1288 4065 es
1310 4000 1399 4083 apud
1420 4003 1454 4066 te

280 4107 370 4173 domi
401 4108 536 4176 absente
567 4107 721 4189 domina,
752 4109 844 4176 tortis
876 4113 909 4175 et
940 4109 1050 4176 audax
1070 4127 1122 4190 es,
1150 4109 1184 4173 et
1204 4105 1331 4188 magnis
1352 4105 1453 4173 uteris

281 4213 397 4280 verbis.
439 4213 497 4279 Sin
527 4214 582 4281 illa
612 4217 645 4280 te
674 4215 823 4297 vocabit,
853 4215 944 4282 nulla
964 4213 1023 4280 tibi
1044 4213 1106 4279 erit
1125 4230 1239 4294 mora,
1268 4231 1335 4278 non
1357 4230 1453 4278 cunc·

281 4320 403 4386 laberis
424 4321 483 4387 sed
503 4320 610 4388 dices:
631 4320 710 4404 quid
730 4319 811 4387 mihi
830 4319 1015 4387 faciendum
1037 4321 1106 4386 est?
1126 4337 1168 4384 ne
1190 4333 1278 4384 nunc
1299 4316 1453 4401 quidem,

283 4447 384 4518 quum
405 4430 539 4498 arcessit
559 4449 633 4513 me,
655 4448 729 4497 earn
750 4428 875 4498 adibo?
905 4427 985 4497 Dico
1005 4426 1065 4496 tibi
1085 4424 1131 4493 mi
1145 4424 1235 4510 here,
1255 4419 1455 4592 nonredibis
