3382 5056
826 505 866 570 55

257 683 363 746 bonus
394 688 452 748 est.
493 682 638 760 Deinde,
670 683 886 763 praestabunt
916 683 975 748 tibi
1007 683 1145 749 tortasse
1176 689 1371 767 praecepta,
1391 689 1430 750 ut

259 786 347 871 quod
367 791 497 868 oportet
518 787 636 852 facias:
658 806 724 852 non
746 787 969 868 praestabunt,
991 792 1027 854 ut
1042 789 1320 872 quemadmodum
1335 810 1433 873 opor-

258 895 324 956 tet:
345 895 378 955 et
398 892 426 957 si
446 893 508 956 hoc
528 911 595 956 non
615 895 807 973 praestant,
830 892 872 958 ad
894 893 1049 958 virtutem
1070 913 1137 958 nou
1158 895 1352 976 perducunt.
1374 896 1437 962 Fa-

260 996 322 1063 ciet
342 997 430 1079 quod
450 1000 579 1078 oportet
600 997 741 1062 monitus
753 1021 760 1074 ;
773 998 934 1076 coucedo;
955 999 1013 1063 sed
1025 998 1060 1064 id
1071 1018 1187 1080 parum
1200 999 1435 1080 est3quoniam

258 1103 391 1186 quidem
412 1121 478 1170 non
499 1102 533 1166 111
554 1101 639 1167 laeto
660 1102 731 1166 laus
753 1106 819 1178 est,
860 1103 918 1167 sed
940 1103 974 1168 in
997 1123 1036 1168 eo
1057 1104 1336 1186 quemadmodum
1358 1105 1436 1171 fiat·

260 1209 348 1277 (Seu.
370 1228 418 1290 ep.
441 1209 501 1284 95).

304 1296 440 1392 ,Omnia
472 1317 582 1378 autem
613 1313 753 1378 honesta
782 1312 882 1392 fient,
906 1313 933 1378 si
954 1315 1092 1380 honesto
1113 1334 1173 1380 nos
1194 1315 1435 1395 addixerimuS,

259 1417 357 1499 idque
378 1437 480 1482 unum
502 1418 535 1482 in
556 1419 654 1482 rebus
674 1419 827 1483 humanis
851 1419 976 1483 bonum
997 1418 1258 1500 indicaverim,
1284 1440 1435 1505 quaeque

261 1542 300 1587 ex
322 1542 360 1588 eo
381 1526 476 1588 sunt:
498 1527 623 1604 cetera,
644 1524 678 1589 in
700 1523 787 1588 diem
807 1524 896 1590 bona
917 1527 1003 1589 sunt.
1036 1525 1119 1606 Ergo
1141 1525 1228 1607 infigi
1252 1526 1436 1609 debetper·

261 1628 388 1703 suasio,
421 1629 464 1694 ad
493 1631 597 1693 totam
628 1629 795 1709 pertinens
831 1629 953 1694 vitam:
985 1630 1047 1693 hoe
1068 1633 1136 1704 est,
1158 1631 1247 1713 quod
1269 1631 1436 1697 decretum

261 1751 351 1796 voco.
383 1732 494 1809 Qualis
524 1732 607 1798 haec
629 1735 795 1814 persuasio
817 1734 933 1813 fuerit,
955 1735 1034 1799 talia
1055 1739 1151 1800 erunt
1171 1755 1257 1818 quae
1279 1740 1435 1818 agentur,

262 1855 348 1919 quae
369 1837 618 1919 cogitabuntur:
640 1839 750 1920 qualia
773 1843 884 1904 autem
905 1839 988 1905 baec
1009 1839 1148 1919 luerint,
1171 1841 1245 1906 talis
1265 1842 1332 1907 vita
1346 1842 1437 1908 erit”.

261 1941 350 2021 (Sen.
372 1961 422 2023 ep.
444 1943 505 2018 95).

306 2045 464 2124 „Quando
486 2048 614 2127 omnia,
646 2067 731 2130 quae
752 2049 953 2129 praestanda
974 2053 1052 2114 sunt
1072 2069 1110 2114 ac
1134 2051 1288 2131 vitanda,
1309 2051 1436 2133 dicam,

266 2170 340 2216 cum
370 2152 492 2234 possim
524 2153 667 2218 breviter
698 2153 785 2218 hanc
816 2154 990 2218 termulam
1012 2155 1148 2220 humani
1168 2157 1265 2221 olficii
1282 2159 1438 2223 tradere?

266 2255 372 2321 Omne
401 2258 483 2336 hoc,
518 2259 606 2340 quod
637 2258 747 2338 vides,
780 2278 845 2341 quo
866 2259 978 2324 divina
999 2263 1097 2342 atque
1118 2262 1264 2326 humana
1286 2264 1437 2328 conclusa

264 2365 359 2440 sunt,
391 2381 494 2426 unum
515 2366 582 2428 est:
604 2363 755 2428 membra
776 2382 888 2427 sumus
910 2365 1054 2446 eorporis
1075 2365 1195 2447 magni.
1231 2366 1356 2431 Natura
1376 2385 1437 2432 nos

264 2469 418 2548 cognatos
449 2467 568 2546 edidit,
602 2487 675 2532 cum
707 2487 747 2532 ex
778 2469 894 2533 iisdem
915 2473 947 2534 et
968 2470 1002 2533 111
1024 2470 1139 2535 eadem
1161 2471 1315 2552 gigneret.
1347 2471 1438 2537 Haec

263 2571 357 2636 nobis
379 2590 525 2636 amorem
546 2572 663 2637 indidit
683 2576 852 2652 mutuum,
875 2578 907 2639 et
928 2575 1097 2640 sociabiles
1114 2575 1205 2641 lecit:
1227 2577 1436 2659 illaaequum

263 2675 449 2759 iustumque
480 2679 678 2758 composuit:
712 2697 751 2741 ex
778 2677 862 2743 illius
883 2679 1113 2744 constitutione
1135 2681 1285 2746 miserius
1306 2687 1356 2747 est
1376 2703 1436 2749 no·

264 2799 354 2861 cere,
377 2802 477 2864 quam
498 2782 602 2848 laedi:
625 2786 658 2848 et
679 2783 763 2848 illius
783 2784 921 2865 imperio
942 2790 1079 2866 paratae
1100 2789 1176 2850 sunt
1198 2787 1432 2855 adiuvandum

263 2906 390 2953 manus.
422 2889 484 2953 lste
504 2907 617 2952 versus
639 2892 672 2952 et
694 2888 727 2952 111
752 2893 901 2969 pectore,
925 2893 957 2954 et
978 2890 1013 2954 in
1034 2909 1090 2956 ore
1113 2892 1175 2956 sit:

405 3041 511 3106 Homo
531 3062 623 3122 sum,
645 3043 781 3108 humani
801 3043 882 3109 nihil
907 3063 927 3108 a
948 3063 1001 3108 me
1024 3045 1167 3110 alienum
1188 3049 1278 3126 pute.

303 3197 494 3262 Habeamus
525 3198 772 3278 incommune,
802 3200 890 3281 quod
914 3200 984 3264 nati
1004 3219 1126 3264 sumus.
1158 3201 1302 3266 Societas
1324 3205 1437 3268 nostra

262 3301 408 3384 lapidum
438 3301 644 3367 fornicationi
665 3303 828 3368 simillima
850 3307 917 3369 est:
949 3323 1035 3386 quae
1058 3324 1192 3386 casura,
1213 3306 1276 3370 nisi
1297 3306 1436 3372 invicem

263 3407 449 3486 obstarent,
478 3407 540 3472 hoe
560 3407 630 3496 ipso
650 3408 836 3474 sustinetur.
868 3409 948 3474 Post
971 3410 1050 3474 deos
1071 3410 1285 3493 hominesque
1307 3411 1436 3494 dispici-

265 3531 378 3592 amus,
399 3513 564 3594 quomodo
585 3513 683 3577 rebus
703 3513 745 3578 sit
764 3514 924 3579 utendum
964 3513 1000 3579 ln
1011 3534 1248 3596 supervacuum
1261 3522 1438 3600 praecepta

263 3618 475 3698 iactavimus,
508 3617 570 3681 nisi
597 3617 676 3682 illud
696 3621 929 3700 praecesserit,
951 3622 1084 3702 qualem
1105 3621 1146 3686 de
1168 3641 1299 3704 quaque
1320 3642 1355 3687 re
1377 3623 1436 3690 ba·

263 3724 341 3789 bere
374 3722 552 3788 debeamus
584 3722 788 3804 opinionem,
831 3725 873 3791 de
904 3729 1118 3807 paupertate,
1150 3726 1191 3791 de
1223 3726 1362 3806 divitiis,
1395 3730 1436 3794 de

262 3828 381 3910 gloria,
414 3828 455 3893 de
476 3828 673 3908 ignominia,
696 3827 737 3894 de
760 3829 888 3912 patria,
911 3830 952 3894 de
974 3831 1094 3895 exsilio.
1127 3832 1346 3898 Aestimemus
1368 3835 1435 3900 sin·

264 3933 358 4013 gula,
389 3932 479 3998 lama
508 3936 655 3998 remota:
687 3938 720 3998 et
747 3953 944 4016 quaeramus
975 3935 1054 4018 quid
1084 3936 1167 4014 sint,
1191 3955 1258 4002 non
1279 3938 1357 4021 quid
1377 3960 1435 4008 vo-

264 4040 386 4102 centur.
418 4037 471 4101 Ad
492 4037 628 4101 virtutes
649 4041 874 4127 transeamus3
897 4041 1075 4122 praecipiet
1097 4040 1222 4123 aliquis,
1244 4045 1435 4125 utpruden·

263 4142 344 4208 tiam
364 4142 475 4222 magni
497 4143 726 4222 aestimemus,
747 4147 784 4208 ut
805 4143 1028 4209 fortitudinem
1051 4145 1323 4226 complectamur:
1352 4153 1434 4216 tem·

263 4247 447 4330 perantiam
478 4266 646 4313 amemus:
677 4248 853 4329 iustitiam,
882 4249 910 4314 si
940 4250 1011 4315 fieri
1031 4254 1158 4333 potest,
1179 4253 1313 4336 propius
1335 4255 1435 4323 etium

264 4372 364 4450 quam
397 4356 540 4437 ceteras,
572 4353 666 4421 nobis
698 4355 907 4440 applicemus.
940 4355 1006 4424 Sed
1037 4355 1118 4424 nihil
1138 4361 1272 4442 agetur,
1294 4360 1321 4426 si
1342 4360 1434 4446 igno·
