3382 5056
831 737 951 797 XXHL

312 985 314 991 ·
342 943 435 1021 Quod
467 943 586 1007 Gellius
617 942 717 1008 tradit
749 945 816 1020 (XI.
850 944 878 1018 1)
905 962 1109 1023 „supremam
1132 943 1270 1007 multam
1294 941 1479 1006 institutam

302 1073 399 1137 luisse
421 1073 560 1138 duarum
581 1071 710 1152 orium,
742 1071 843 1136 houm
866 1070 1033 1152 ,triginta’',
1055 1091 1121 1136 non
1144 1072 1302 1153 estquod
1323 1071 1480 1152 suspicio·

302 1222 378 1268 nem
399 1205 530 1267 moveat
550 1201 777 1283 reputantibus
798 1219 875 1265 oves
897 1200 1028 1265 maioris
1049 1201 1144 1282 pretii
1156 1201 1285 1266 habitas
1298 1220 1368 1266 esse
1380 1218 1483 1282 quam

303 1333 423 1410 boves,
445 1330 533 1412 quod
555 1331 646 1409 lana,
675 1330 744 1395 sola
764 1330 902 1395 materia
925 1330 1072 1394 emulum
1093 1310 1379 1410 vestimentorum,
1401 1332 1481 1393 tune

303 1460 458 1543 temporis
480 1481 497 1524 e
518 1459 649 1540 regione
671 1459 742 1540 ipsa
762 1459 906 1540 petenda
928 1462 1006 1524 erat.

839 1668 956 1728 xxnt

346 1875 471 1939 Census
493 1872 627 1955 quintae
649 1873 758 1938 elassis
779 1873 837 1937 fuit
861 1873 988 1938 decima
1009 1893 1086 1956 pars
1106 1873 1242 1955 primae.

845 2108 947 2167 XXV.

347 2338 483 2403 Aooensi
505 2357 543 2403 eo
565 2336 662 2402 velati
684 2337 881 2418 audiebant,
904 2337 991 2420 quod
1012 2337 1118 2403 officia
1139 2337 1281 2402 forensia
1297 2340 1485 2403 exercentes

313 2467 395 2550 togis
416 2466 507 2532 indui
529 2467 613 2531 soliti
635 2470 739 2532 erant.

841 2675 960 2752 xxvi.
1075 2781 1082 2796 υ

351 2940 458 3006 Gratis
490 2939 643 3006 asseritur
665 2957 775 3004 servos
796 2937 831 3002 in
853 2937 957 3003 causis
979 2937 1095 3018 fuisse,
1127 2957 1212 3020 quae
1244 2937 1400 3021 populum
1431 2957 1486 3003 ro-

312 3089 447 3137 manum
468 3069 759 3153 pessumdederint.

834 3253 967 3313 XXVH.

353 3484 505 3550 Bidentes
526 3501 593 3548 non
614 3487 690 3548 sunt
710 3485 881 3561 μέτασσαι,
916 3487 951 3548 ut
982 3485 1076 3565 putat
1097 3483 1160 3548 Jos.
1184 3481 1335 3564 Scaliger.
1368 3481 1488 3546 Bidens

314 3615 362 3677 est
394 3612 463 3679 ovis
483 3612 535 3677 vel
556 3611 615 3677 bos
636 3611 722 3678 intra
744 3612 964 3692 duodeviginti
987 3615 1019 3676 et
1041 3611 1153 3690 viginti
1175 3613 1316 3693 quatuor
1338 3630 1488 3690 menses,

314 3764 379 3826 quo
399 3747 547 3825 ternpore
569 3742 669 3808 habet
691 3743 771 3807 duos
782 3743 907 3808 medios
919 3743 1032 3807 dentes
1044 3745 1284 3823 permanentes,
1306 3740 1361 3822 qui
1372 3741 1488 3805 ceteris

315 3892 372 3938 sex
392 3872 502 3938 lacteis
525 3872 756 3938 eminentiores
777 3876 861 3938 sunt.

808 4177 999 4186 ..n--u--u--n
