3382 5056
837 547 876 612 67

270 745 429 806 munera,
451 728 484 791 et
505 724 696 791 ambitiosas
715 725 897 807 exsequias.
919 726 962 789 At
972 725 1157 790 mehercule
1168 723 1304 789 istorum
1316 724 1443 804 funera,

268 836 439 916 tamquam
470 831 644 896 minimum
674 831 835 911 vixerint,
869 831 913 896 ad
933 830 1019 896 faces
1041 833 1073 895 et
1095 830 1138 895 ad
1160 848 1271 896 cereos
1295 830 1444 895 ducenda

268 957 331 1003 sun
347 939 364 970 ’¹
386 937 440 1014 (de
461 937 551 1001 brev.
572 937 628 1001 vit.
650 937 684 1002 in
706 936 792 1015 fine).

309 1041 395 1121 Quid
415 1041 545 1107 Persius
563 1032 606 1106 de
617 1041 806 1107 beatitudine
818 1041 1015 1123 cogitaverit,
1037 1060 1078 1105 ex
1089 1041 1236 1106 versibus
1248 1039 1317 1105 eius
1328 1041 1442 1106 elicere

273 1166 340 1212 non
360 1166 502 1228 possum.
539 1147 676 1212 Constat
699 1149 830 1212 auctore
854 1147 997 1225 Seneca,
1022 1147 1174 1227 ,beatum
1195 1165 1262 1210 non
1274 1165 1344 1210 esse
1356 1165 1442 1220 eum,

270 1271 368 1335 quern
390 1253 505 1333 vulgus
527 1253 689 1334 appellat,
712 1251 755 1316 ad
776 1271 875 1334 quern
896 1251 1035 1333 pecunia
1057 1270 1177 1331 rnagna
1188 1250 1364 1315 confluxit:
1384 1250 1443 1315 sed

246 1439 249 1446 Α
269 1356 380 1437 illum,
413 1357 464 1421 cui
494 1359 618 1422 bonurn
640 1376 737 1423 omne
757 1357 791 1422 in
813 1357 923 1423 animo
945 1360 1012 1437 est,
1034 1359 1196 1434 erectum,
1218 1358 1250 1420 et
1271 1355 1442 1433 excelsum,

271 1464 304 1526 et
324 1461 486 1527 mirabilia
508 1462 696 1528 calcantem·
738 1461 801 1540 Qui
822 1462 987 1527 nerninem
1008 1462 1117 1538 videt,
1139 1480 1213 1525 curn
1231 1479 1296 1542 quo
1307 1479 1342 1524 se
1354 1479 1442 1524 com-

269 1567 434 1631 mutatum
464 1568 560 1632 velit:
592 1567 647 1650 qui
680 1566 846 1632 hominem
879 1587 919 1633 ea
950 1568 1020 1632 sola
1051 1569 1145 1648 parte
1176 1565 1348 1644 aestimat,
1377 1583 1443 1646 qua

270 1670 369 1736 homo
401 1674 469 1736 est:
501 1673 557 1754 qul
579 1675 699 1738 natura
720 1673 876 1752 magistra
896 1672 1013 1750 utitur,
1036 1671 1079 1737 ad
1099 1670 1183 1735 illius
1203 1670 1290 1751 leges
1311 1687 1443 1751 compo·

270 1774 378 1855 nitur,
408 1775 453 1840 sic
474 1777 572 1856 vivit,
594 1777 758 1859 quomodo
780 1777 835 1842 illa
857 1776 1085 1860 praescripsit:
1107 1777 1158 1841 cui
1179 1777 1268 1841 bona
1284 1793 1344 1839 sua
1354 1774 1444 1839 nulla

270 1881 320 1945 vis
351 1881 491 1946 excutit:
523 1882 578 1964 qui
604 1883 692 1948 mala
714 1883 748 1947 in
768 1883 893 1947 bonum
915 1883 1031 1962 vertit,
1053 1885 1160 1948 certus
1181 1880 1309 1960 iudicii,
1330 1879 1443 1943 incon-

271 2004 402 2063 cussus,
431 1986 632 2070 intrepidus:
664 2007 762 2071 quern
785 1989 895 2070 aliqua
916 1987 965 2052 vis
988 1990 1119 2067 movet,
1140 1988 1229 2052 nulla
1250 1984 1441 2068 perturbat:

271 2109 371 2172 quem
390 2090 540 2169 fortuna,
563 2111 637 2157 curn
658 2093 692 2158 in
714 2113 789 2158 eum
811 2093 899 2174 quod
923 2092 1038 2157 habuit
1055 2093 1156 2157 telum
1168 2089 1443 2169 nocentissimum,

271 2195 304 2258 vi
324 2195 470 2261 maxima
490 2196 639 2276 intorsit,
660 2198 794 2278 pungit,
815 2217 883 2263 non
904 2197 1073 2277 vulnerat,
1096 2200 1128 2263 et
1149 2196 1211 2262 hoc
1231 2215 1316 2261 raro.
1357 2192 1444 2258 Nam

273 2301 380 2368 cetera
403 2300 471 2365 eius
492 2300 576 2380 tela,
599 2301 717 2382 quibus
738 2321 839 2382 genus
861 2302 1044 2367 humanum
1056 2301 1253 2379 debellatur,
1275 2299 1443 2380 grandinis

272 2423 364 2468 more
396 2404 588 2470 dissultant:
610 2425 696 2488 quae
717 2406 845 2472 incussa
867 2409 977 2485 tectis,
1001 2407 1071 2472 sine
1091 2408 1156 2472 ullo
1179 2405 1372 2471 habitatoris
1393 2405 1443 2470 in-

272 2507 444 2574 commodo
466 2509 623 2590 crepitat,
645 2529 683 2575 ac
703 2512 857 2576 solvitur''
878 2511 968 2592 (Sen.
991 2532 1031 2594 ep
1062 2512 1125 2586 45).
1178 2511 1289 2589 ,Tunc
1308 2511 1443 2576 beatum

273 2631 343 2677 esse
364 2615 397 2676 te
419 2612 545 2693 iudica,
568 2635 641 2679 curn
662 2615 721 2680 tihi
742 2636 782 2680 ex
803 2619 835 2681 te
858 2617 1013 2697 gaudium
1036 2635 1134 2681 omne
1155 2619 1316 2681 nascetur.
1359 2615 1444 2680 Cum

271 2716 305 2781 in
317 2716 376 2795 his,
399 2735 483 2799 quae
496 2718 643 2785 homines
655 2720 796 2803 eripiunt
808 2723 950 2806 (cupiunt
961 2721 989 2803 ?)
1011 2723 1136 2803 optant,
1158 2720 1343 2785 custodiunt
1362 2720 1444 2785 nihil
1488 2726 1489 2731 ’

272 2821 455 2901 inveneris,
488 2843 556 2888 non
578 2825 650 2889 dico
671 2826 759 2908 quod
780 2827 894 2904 malis,
917 2828 975 2892 sed
996 2827 1085 2910 quod
1106 2827 1194 2891 velis.
1216 2826 1355 2891 Brevem
1381 2825 1442 2890 tibi

271 2926 446 2992 formulam
479 2928 586 3010 daho,
622 2949 687 3012 qua
717 2934 750 2995 te
781 2931 948 3009 metiaris,
980 2951 1046 3013 qua
1077 2931 1257 3012 perlectum
1280 2950 1350 2996 esse
1374 2931 1441 2995 iam

272 3031 414 3096 sentias:
445 3032 573 3097 Bonum
589 3037 667 3098 tunc
679 3034 816 3100 habebis
828 3038 930 3117 tuum,
952 3055 1025 3100 curn
1038 3036 1197 3117 intelliges
1208 3034 1443 3100 infelicissimos

273 3155 343 3200 esse
363 3135 491 3201 lelices''
513 3137 602 3213 (Sen.
625 3157 675 3220 ep.
698 3139 755 3204 tal
774 3139 808 3204 in
829 3140 919 3222 fine).

311 3239 426 3305 Talem
457 3241 668 3307 beatitudinis
701 3261 771 3308 esse
792 3246 915 3309 statum
936 3245 1042 3311 Senea
1063 3245 1176 3325 ponit,
1198 3244 1303 3310 donec
1324 3245 1444 3310 erimus

271 3345 475 3410 interrivos.
517 3347 589 3424 Qua
611 3348 796 3414 conditione
812 3352 924 3415 tamen
946 3353 1180 3432 postmortem
1202 3349 1302 3414 loturi
1322 3348 1444 3426 simus,

272 3449 307 3514 in
324 3450 477 3530 ambiguo
497 3455 546 3515 est
567 3453 656 3534 apud
676 3452 810 3518 Stoicos.
836 3455 918 3534 Alii,
940 3455 1026 3519 inter
1045 3474 1127 3538 quos
1149 3457 1246 3536 caput
1258 3454 1378 3519 stoicae
1389 3473 1443 3519 ra-

272 3549 387 3633 tionis,
409 3555 529 3620 inleros
551 3576 641 3638 esse,
664 3560 696 3622 et
718 3559 812 3623 sedes
833 3559 1008 3640 impiorum
1033 3579 1053 3625 a
1076 3559 1135 3639 piis
1147 3562 1288 3624 secretas
1302 3562 1443 3638 censent,

273 3658 326 3723 alii
347 3660 472 3724 nullum
494 3679 627 3741 orcum,
649 3662 774 3728 nullum
796 3665 921 3744 locum,
951 3664 1007 3728 ubi
1029 3663 1176 3730 scelerati
1198 3683 1321 3747 poenas
1342 3664 1444 3744 luant,

272 3762 418 3828 credunt.
457 3763 517 3829 Cui
538 3767 721 3846 quaestioni
742 3768 868 3850 Lipsius
889 3769 939 3834 his
960 3769 1068 3834 verbis
1089 3768 1267 3834 clausulam
1288 3768 1444 3849 imponit:

272 3869 317 3932 At
344 3887 417 3933 curn
449 3869 500 3934 isti
520 3876 661 3953 negant,
693 3873 759 3937 imo
791 3878 994 3955 pernegant:
1027 3892 1070 3938 an
1092 3873 1286 3938 dissentiunt
1305 3873 1403 3955 igitur
1424 3892 1444 3938 a

273 3972 379 4054 capite
399 3993 458 4038 suo
479 3974 636 4040 Zenone?
668 3976 742 4041 Non
763 3977 923 4042 arbitror:
944 3995 1052 4061 neque
1073 3978 1238 4043 Zenonem
1260 3977 1348 4043 aliud
1368 3996 1443 4043 sen·

272 4077 371 4157 sisse,
403 4098 503 4160 quarn
526 4079 610 4145 circa
631 4085 754 4146 terram
775 4083 809 4146 in
830 4102 933 4148 caeno
955 4104 994 4149 ae
1014 4083 1163 4149 sordibus
1184 4082 1344 4162 volutari,
1366 4101 1443 4147 con-

273 4183 410 4247 trarium
442 4189 580 4249 naturae
612 4185 751 4266 igneae,
779 4191 878 4270 atque
908 4190 968 4254 hos
1000 4190 1121 4255 inferos
1152 4208 1232 4254 esse.
1264 4194 1323 4254 cet.
1345 4189 1443 4270 (lips.

273 4286 365 4369 phys.
387 4287 441 4351 lib.
464 4288 504 4352 lll
526 4289 601 4353 diss
625 4291 671 4354 14.
696 4291 778 4357 Vide
802 4312 876 4375 pag.
897 4294 937 4359 lh
956 4296 988 4360 h.
1011 4294 1056 4376 d.)

318 4391 526 4469 „saeculum”
548 4399 696 4461 nostrum
717 4416 778 4463 nec
798 4397 911 4464 vivum
932 4418 992 4465 nec
1013 4401 1178 4465 mortuum
1195 4399 1280 4466 inter
1293 4398 1444 4479 „beatos”
