<?xml version="1.0" encoding="UTF-8"?>
<!DOCTYPE html PUBLIC "-//W3C//DTD XHTML 1.0 Transitional//EN"
    "http://www.w3.org/TR/xhtml1/DTD/xhtml1-transitional.dtd">
<html xmlns="http://www.w3.org/1999/xhtml" xml:lang="en" lang="en">
 <head>
  <title>
</title>
<meta http-equiv="Content-Type" content="text/html;charset=utf-8" />
  <meta name='ocr-system' content='tesseract 3.04.00' />
  <meta name='ocr-capabilities' content='ocr_page ocr_carea ocr_par ocr_line ocrx_word'/>
</head>
<body>
  <div class='ocr_page' id='page_1' title='image "./derationestoica00houcgoog_0089.png"; bbox 0 0 3382 5056; ppageno 0'>
   <div class='ocr_carea' id='block_1_1' title="bbox 826 492 865 557">
    <p class='ocr_par' dir='ltr' id='par_1_1' title="bbox 826 492 865 557">
     <span class='ocr_line' id='line_1_1' title="bbox 826 492 865 557; baseline -0.077 0"><span class='ocrx_word' id='word_1_1' title='bbox 826 492 865 557; x_wconf 88' lang='lat'><strong>70</strong></span> 
     </span>
    </p>
   </div>
   <div class='ocr_carea' id='block_1_2' title="bbox 247 671 1498 4427">
    <p class='ocr_par' dir='ltr' id='par_1_2' title="bbox 255 671 1498 1701">
     <span class='ocr_line' id='line_1_2' title="bbox 258 671 1463 756; baseline 0.001 -17"><span class='ocrx_word' id='word_1_2' title='bbox 258 674 406 740; x_wconf 84' lang='lat' dir='ltr'><strong>Persium</strong></span> <span class='ocrx_word' id='word_1_3' title='bbox 428 691 518 752; x_wconf 89' lang='lat' dir='ltr'><strong>esse,</strong></span> <span class='ocrx_word' id='word_1_4' title='bbox 539 671 572 737; x_wconf 93' lang='lat' dir='ltr'><strong>id</strong></span> <span class='ocrx_word' id='word_1_5' title='bbox 593 671 673 737; x_wconf 91' lang='lat' dir='ltr'><strong>mihi</strong></span> <span class='ocrx_word' id='word_1_6' title='bbox 693 671 748 736; x_wconf 87' lang='lat' dir='ltr'><strong>vix</strong></span> <span class='ocrx_word' id='word_1_7' title='bbox 768 671 921 737; x_wconf 85' lang='lat' dir='ltr'>credibile</span> <span class='ocrx_word' id='word_1_8' title='bbox 942 671 1080 738; x_wconf 87' lang='lat' dir='ltr'><strong>videtur.</strong></span> <span class='ocrx_word' id='word_1_9' title='bbox 1109 673 1232 752; x_wconf 88' lang='lat' dir='ltr'><strong>Quodsi</strong></span> <span class='ocrx_word' id='word_1_10' title='bbox 1253 678 1350 756; x_wconf 87' lang='lat' dir='ltr'><strong>poeta</strong></span> <span class='ocrx_word' id='word_1_11' title='bbox 1370 675 1430 742; x_wconf 86' lang='lat' dir='ltr'><strong>bas</strong></span> <span class='ocrx_word' id='word_1_12' title='bbox 1461 736 1463 740; x_wconf 81' lang='grc'>,</span> 
     </span>
     <span class='ocr_line' id='line_1_3' title="bbox 258 772 1429 861; baseline 0.002 -17"><span class='ocrx_word' id='word_1_13' title='bbox 258 778 483 860; x_wconf 83' lang='lat' dir='ltr'><strong>gravissimas,</strong></span> <span class='ocrx_word' id='word_1_14' title='bbox 514 772 603 861; x_wconf 88' lang='lat' dir='ltr'><strong>qua&#39;e.</strong></span> <span class='ocrx_word' id='word_1_15' title='bbox 633 777 703 844; x_wconf 90' lang='lat' dir='ltr'><strong>seni</strong></span> <span class='ocrx_word' id='word_1_16' title='bbox 735 777 932 842; x_wconf 87' lang='lat' dir='ltr'><strong>conveniunt</strong></span> <span class='ocrx_word' id='word_1_17' title='bbox 962 780 1091 857; x_wconf 87' lang='lat' dir='ltr'><strong>partes,</strong></span> <span class='ocrx_word' id='word_1_18' title='bbox 1120 780 1279 845; x_wconf 90' lang='lat' dir='ltr'><strong>sustinere</strong></span> <span class='ocrx_word' id='word_1_19' title='bbox 1308 781 1429 861; x_wconf 89' lang='lat' dir='ltr'><strong>voluit,</strong></span> 
     </span>
     <span class='ocr_line' id='line_1_4' title="bbox 257 881 1498 966; baseline 0.003 -18"><span class='ocrx_word' id='word_1_20' title='bbox 257 883 378 949; x_wconf 86' lang='lat' dir='ltr'><strong>nimiae</strong></span> <span class='ocrx_word' id='word_1_21' title='bbox 409 883 615 965; x_wconf 78' lang='lat' dir='ltr'>arrogantiae</span> <span class='ocrx_word' id='word_1_22' title='bbox 648 881 848 948; x_wconf 81' lang='lat' dir='ltr'><strong>accusandus</strong></span> <span class='ocrx_word' id='word_1_23' title='bbox 880 884 947 961; x_wconf 91' lang='lat' dir='ltr'><strong>est,</strong></span> <span class='ocrx_word' id='word_1_24' title='bbox 978 886 1091 966; x_wconf 88' lang='lat' dir='ltr'><strong>utpote</strong></span> <span class='ocrx_word' id='word_1_25' title='bbox 1122 885 1178 966; x_wconf 92' lang='lat' dir='ltr'><strong>qui</strong></span> <span class='ocrx_word' id='word_1_26' title='bbox 1197 885 1309 966; x_wconf 82' lang='lat' dir='ltr'><strong>paucis</strong></span> <span class='ocrx_word' id='word_1_27' title='bbox 1331 887 1430 952; x_wconf 90' lang='lat' dir='ltr'><strong>modo</strong></span> <span class='ocrx_word' id='word_1_28' title='bbox 1496 939 1498 944; x_wconf 59' lang='grc'>,</span> 
     </span>
     <span class='ocr_line' id='line_1_5' title="bbox 258 987 1430 1071; baseline 0.003 -18"><span class='ocrx_word' id='word_1_29' title='bbox 258 989 353 1053; x_wconf 91' lang='lat' dir='ltr'><strong>annis</strong></span> <span class='ocrx_word' id='word_1_30' title='bbox 383 989 580 1070; x_wconf 83' lang='lat' dir='ltr'><strong>imperatore</strong></span> <span class='ocrx_word' id='word_1_31' title='bbox 600 987 705 1052; x_wconf 89' lang='lat' dir='ltr'><strong>maior</strong></span> <span class='ocrx_word' id='word_1_32' title='bbox 727 988 776 1051; x_wconf 89' lang='lat' dir='ltr'><strong>est</strong></span> <span class='ocrx_word' id='word_1_33' title='bbox 796 990 886 1052; x_wconf 88' lang='lat' dir='ltr'><strong>natu.</strong></span> <span class='ocrx_word' id='word_1_34' title='bbox 927 988 994 1068; x_wconf 85' lang='lat' dir='ltr'><strong>Ego</strong></span> <span class='ocrx_word' id='word_1_35' title='bbox 1016 988 1148 1070; x_wconf 91' lang='lat' dir='ltr'><strong>quidem</strong></span> <span class='ocrx_word' id='word_1_36' title='bbox 1173 991 1270 1055; x_wconf 92' lang='lat' dir='ltr'><strong>credo</strong></span> <span class='ocrx_word' id='word_1_37' title='bbox 1291 1010 1312 1056; x_wconf 91' lang='lat' dir='ltr'><strong>a</strong></span> <span class='ocrx_word' id='word_1_38' title='bbox 1332 995 1430 1071; x_wconf 88' lang='lat' dir='ltr'><strong>poeta</strong></span> 
     </span>
     <span class='ocr_line' id='line_1_6' title="bbox 256 1092 1430 1179; baseline 0.003 -22"><span class='ocrx_word' id='word_1_39' title='bbox 256 1113 316 1175; x_wconf 92' lang='lat' dir='ltr'><strong>per</strong></span> <span class='ocrx_word' id='word_1_40' title='bbox 345 1093 427 1157; x_wconf 90' lang='lat' dir='ltr'><strong>haec</strong></span> <span class='ocrx_word' id='word_1_41' title='bbox 459 1093 524 1157; x_wconf 91' lang='lat' dir='ltr'><strong>duo</strong></span> <span class='ocrx_word' id='word_1_42' title='bbox 546 1093 680 1157; x_wconf 91' lang='lat' dir='ltr'><strong>nomina</strong></span> <span class='ocrx_word' id='word_1_43' title='bbox 700 1092 806 1156; x_wconf 89' lang='lat' dir='ltr'><strong>nullas</strong></span> <span class='ocrx_word' id='word_1_44' title='bbox 827 1093 932 1156; x_wconf 88' lang='lat' dir='ltr'><strong>certas</strong></span> <span class='ocrx_word' id='word_1_45' title='bbox 952 1111 1110 1175; x_wconf 83' lang='lat' dir='ltr'><strong>personas</strong></span> <span class='ocrx_word' id='word_1_46' title='bbox 1141 1093 1259 1159; x_wconf 91' lang='lat' dir='ltr'><strong>induci.</strong></span> <span class='ocrx_word' id='word_1_47' title='bbox 1301 1094 1430 1179; x_wconf 84' lang='lat' dir='ltr'><strong>Sumpti</strong></span> 
     </span>
     <span class='ocr_line' id='line_1_7' title="bbox 256 1196 1429 1290; baseline 0.003 -27"><span class='ocrx_word' id='word_1_48' title='bbox 256 1200 333 1263; x_wconf 91' lang='lat' dir='ltr'><strong>sunt</strong></span> <span class='ocrx_word' id='word_1_49' title='bbox 353 1217 394 1262; x_wconf 85' lang='lat' dir='ltr'><strong>ex</strong></span> <span class='ocrx_word' id='word_1_50' title='bbox 414 1197 537 1279; x_wconf 80' lang='lat' dir='ltr'><strong>ingenti</strong></span> <span class='ocrx_word' id='word_1_51' title='bbox 559 1198 652 1290; x_wconf 89' lang='lat' dir='ltr'><strong>copia</strong></span> <span class='ocrx_word' id='word_1_52' title='bbox 672 1196 868 1278; x_wconf 88' lang='lat' dir='ltr'><strong>sapientium</strong></span> <span class='ocrx_word' id='word_1_53' title='bbox 890 1199 923 1278; x_wconf 82' lang='lat' dir='ltr'><strong>et</strong></span> <span class='ocrx_word' id='word_1_54' title='bbox 943 1199 1134 1275; x_wconf 88' lang='lat' dir='ltr'><strong>stultorum,</strong></span> <span class='ocrx_word' id='word_1_55' title='bbox 1167 1198 1336 1280; x_wconf 74' lang='lat' dir='ltr'><strong>Socrates,</strong></span> <span class='ocrx_word' id='word_1_56' title='bbox 1364 1220 1429 1283; x_wconf 91' lang='lat' dir='ltr'><strong>quo</strong></span> 
     </span>
     <span class='ocr_line' id='line_1_8' title="bbox 257 1301 1429 1386; baseline 0.003 -18"><span class='ocrx_word' id='word_1_57' title='bbox 257 1303 489 1386; x_wconf 83' lang='lat' dir='ltr'><strong>sapientiorem</strong></span> <span class='ocrx_word' id='word_1_58' title='bbox 519 1303 644 1367; x_wconf 92' lang='lat' dir='ltr'><strong>nullum</strong></span> <span class='ocrx_word' id='word_1_59' title='bbox 675 1305 747 1366; x_wconf 89' lang='lat' dir='ltr'><strong>tota</strong></span> <span class='ocrx_word' id='word_1_60' title='bbox 777 1301 953 1384; x_wconf 86' lang='lat' dir='ltr'><strong>antiquitas</strong></span> <span class='ocrx_word' id='word_1_61' title='bbox 973 1303 1073 1381; x_wconf 86' lang='lat' dir='ltr'><strong>vidit,</strong></span> <span class='ocrx_word' id='word_1_62' title='bbox 1105 1303 1308 1382; x_wconf 84' lang='lat' dir='ltr'><strong>Alcibiades,</strong></span> <span class='ocrx_word' id='word_1_63' title='bbox 1339 1307 1429 1371; x_wconf 89' lang='lat' dir='ltr'><strong>cuius</strong></span> 
     </span>
     <span class='ocr_line' id='line_1_9' title="bbox 256 1407 1430 1491; baseline 0.003 -18"><span class='ocrx_word' id='word_1_64' title='bbox 256 1409 371 1474; x_wconf 86' lang='lat' dir='ltr'><strong>levitas</strong></span> <span class='ocrx_word' id='word_1_65' title='bbox 393 1428 430 1474; x_wconf 89' lang='lat' dir='ltr'><strong>ac</strong></span> <span class='ocrx_word' id='word_1_66' title='bbox 451 1409 617 1475; x_wconf 89' lang='lat' dir='ltr'><strong>temeritas</strong></span> <span class='ocrx_word' id='word_1_67' title='bbox 638 1427 743 1491; x_wconf 90' lang='lat' dir='ltr'><strong>paene</strong></span> <span class='ocrx_word' id='word_1_68' title='bbox 764 1408 798 1472; x_wconf 93' lang='lat' dir='ltr'><strong>in</strong></span> <span class='ocrx_word' id='word_1_69' title='bbox 830 1407 1037 1491; x_wconf 89' lang='lat' dir='ltr'><strong>proverbium</strong></span> <span class='ocrx_word' id='word_1_70' title='bbox 1058 1409 1157 1473; x_wconf 90' lang='lat' dir='ltr'><strong>venit.</strong></span> <span class='ocrx_word' id='word_1_71' title='bbox 1195 1409 1430 1476; x_wconf 86' lang='lat' dir='ltr'><strong>Contendenti·</strong></span> 
     </span>
     <span class='ocr_line' id='line_1_10' title="bbox 255 1513 1430 1597; baseline 0.003 -19"><span class='ocrx_word' id='word_1_72' title='bbox 255 1515 317 1578; x_wconf 91' lang='lat' dir='ltr'><strong>bus</strong></span> <span class='ocrx_word' id='word_1_73' title='bbox 337 1514 486 1578; x_wconf 89' lang='lat' dir='ltr'><strong>Persium</strong></span> <span class='ocrx_word' id='word_1_74' title='bbox 506 1513 622 1579; x_wconf 89' lang='lat' dir='ltr'><strong>satiras</strong></span> <span class='ocrx_word' id='word_1_75' title='bbox 643 1533 719 1578; x_wconf 84' lang='lat' dir='ltr'><strong>suas</strong></span> <span class='ocrx_word' id='word_1_76' title='bbox 736 1513 941 1595; x_wconf 80' lang='lat' dir='ltr'><strong>imperfectas</strong></span> <span class='ocrx_word' id='word_1_77' title='bbox 955 1517 1003 1586; x_wconf 77' lang='lat'><strong>⁴⁰)</strong></span> <span class='ocrx_word' id='word_1_78' title='bbox 1024 1513 1206 1597; x_wconf 84' lang='lat' dir='ltr'><strong>reliquisse,</strong></span> <span class='ocrx_word' id='word_1_79' title='bbox 1228 1516 1310 1582; x_wconf 89' lang='lat' dir='ltr'><strong>haec</strong></span> <span class='ocrx_word' id='word_1_80' title='bbox 1329 1517 1430 1582; x_wconf 89' lang='lat' dir='ltr'><strong>satira</strong></span> 
     </span>
     <span class='ocr_line' id='line_1_11' title="bbox 256 1618 838 1701; baseline -0.014 -18"><span class='ocrx_word' id='word_1_81' title='bbox 256 1619 400 1701; x_wconf 90' lang='lat' dir='ltr'><strong>profecto</strong></span> <span class='ocrx_word' id='word_1_82' title='bbox 422 1618 609 1683; x_wconf 90' lang='lat' dir='ltr'><strong>testimonio</strong></span> <span class='ocrx_word' id='word_1_83' title='bbox 631 1637 702 1682; x_wconf 88' lang='lat' dir='ltr'><strong>esse</strong></span> <span class='ocrx_word' id='word_1_84' title='bbox 722 1620 838 1699; x_wconf 88' lang='lat' dir='ltr'><strong>potest.</strong></span> 
     </span>
    </p>

    <p class='ocr_par' dir='ltr' id='par_1_3' title="bbox 254 1721 1429 2119">
     <span class='ocr_line' id='line_1_12' title="bbox 296 1721 1429 1807; baseline 0.003 -19"><span class='ocrx_word' id='word_1_85' title='bbox 296 1723 393 1788; x_wconf 85' lang='lat' dir='ltr'><strong>Deest</strong></span> <span class='ocrx_word' id='word_1_86' title='bbox 424 1723 523 1788; x_wconf 87' lang='lat' dir='ltr'><strong>series</strong></span> <span class='ocrx_word' id='word_1_87' title='bbox 555 1725 588 1787; x_wconf 88' lang='lat' dir='ltr'><strong>et</strong></span> <span class='ocrx_word' id='word_1_88' title='bbox 608 1723 689 1787; x_wconf 87' lang='lat' dir='ltr'><strong>ordo</strong></span> <span class='ocrx_word' id='word_1_89' title='bbox 710 1721 885 1801; x_wconf 90' lang='lat' dir='ltr'><strong>orationis;</strong></span> <span class='ocrx_word' id='word_1_90' title='bbox 908 1726 1100 1804; x_wconf 81' lang='lat' dir='ltr'><strong>argumenta</strong></span> <span class='ocrx_word' id='word_1_91' title='bbox 1121 1724 1284 1807; x_wconf 88' lang='lat' dir='ltr'><strong>quaedam</strong></span> <span class='ocrx_word' id='word_1_92' title='bbox 1305 1729 1429 1792; x_wconf 90' lang='lat' dir='ltr'><strong>temere</strong></span> 
     </span>
     <span class='ocr_line' id='line_1_13' title="bbox 255 1827 1429 1915; baseline 0.004 -24"><span class='ocrx_word' id='word_1_93' title='bbox 255 1827 340 1892; x_wconf 91' lang='lat' dir='ltr'><strong>inter</strong></span> <span class='ocrx_word' id='word_1_94' title='bbox 371 1846 405 1892; x_wconf 91' lang='lat' dir='ltr'><strong>se</strong></span> <span class='ocrx_word' id='word_1_95' title='bbox 439 1846 585 1892; x_wconf 84' lang='lat' dir='ltr'><strong>connexa</strong></span> <span class='ocrx_word' id='word_1_96' title='bbox 618 1831 713 1906; x_wconf 92' lang='lat' dir='ltr'><strong>sunt,</strong></span> <span class='ocrx_word' id='word_1_97' title='bbox 745 1847 847 1908; x_wconf 90' lang='lat' dir='ltr'><strong>quum</strong></span> <span class='ocrx_word' id='word_1_98' title='bbox 878 1828 981 1893; x_wconf 88' lang='lat' dir='ltr'><strong>verba</strong></span> <span class='ocrx_word' id='word_1_99' title='bbox 1012 1829 1083 1910; x_wconf 88' lang='lat' dir='ltr'><strong>ipsa</strong></span> <span class='ocrx_word' id='word_1_100' title='bbox 1104 1830 1269 1896; x_wconf 90' lang='lat' dir='ltr'><strong>interdum</strong></span> <span class='ocrx_word' id='word_1_101' title='bbox 1290 1832 1429 1915; x_wconf 89' lang='lat' dir='ltr'><strong>Pythiae</strong></span> 
     </span>
     <span class='ocr_line' id='line_1_14' title="bbox 254 1931 1429 2018; baseline 0.006 -22"><span class='ocrx_word' id='word_1_102' title='bbox 254 1951 412 2015; x_wconf 89' lang='lat' dir='ltr'><strong>responsa</strong></span> <span class='ocrx_word' id='word_1_103' title='bbox 443 1932 638 1997; x_wconf 86' lang='lat' dir='ltr'><strong>obscuritate</strong></span> <span class='ocrx_word' id='word_1_104' title='bbox 670 1931 812 1996; x_wconf 86' lang='lat' dir='ltr'><strong>vincunt.</strong></span> <span class='ocrx_word' id='word_1_105' title='bbox 854 1933 897 1996; x_wconf 88' lang='lat' dir='ltr'><strong>At</strong></span> <span class='ocrx_word' id='word_1_106' title='bbox 917 1934 968 1998; x_wconf 83' lang='lat' dir='ltr'><strong>vel</strong></span> <span class='ocrx_word' id='word_1_107' title='bbox 989 1933 1035 1998; x_wconf 91' lang='lat' dir='ltr'><strong>sic</strong></span> <span class='ocrx_word' id='word_1_108' title='bbox 1054 1936 1167 2000; x_wconf 87' lang='lat' dir='ltr'><strong>tamen</strong></span> <span class='ocrx_word' id='word_1_109' title='bbox 1188 1940 1429 2018; x_wconf 89' lang='lat' dir='ltr'><strong>perscrutemur</strong></span> 
     </span>
     <span class='ocr_line' id='line_1_15' title="bbox 255 2036 1117 2119; baseline 0.002 -17"><span class='ocrx_word' id='word_1_110' title='bbox 255 2036 362 2118; x_wconf 89' lang='lat' dir='ltr'><strong>siquid</strong></span> <span class='ocrx_word' id='word_1_111' title='bbox 383 2037 528 2102; x_wconf 88' lang='lat' dir='ltr'><strong>babeant</strong></span> <span class='ocrx_word' id='word_1_112' title='bbox 549 2036 581 2102; x_wconf 93' lang='lat' dir='ltr'><strong>hi</strong></span> <span class='ocrx_word' id='word_1_113' title='bbox 604 2056 737 2115; x_wconf 86' lang='lat' dir='ltr'><strong>versus,</strong></span> <span class='ocrx_word' id='word_1_114' title='bbox 758 2037 846 2118; x_wconf 94' lang='lat' dir='ltr'><strong>quod</strong></span> <span class='ocrx_word' id='word_1_115' title='bbox 867 2037 974 2119; x_wconf 88' lang='lat' dir='ltr'><strong>sapiat</strong></span> <span class='ocrx_word' id='word_1_116' title='bbox 995 2037 1117 2104; x_wconf 85' lang='lat' dir='ltr'><strong>Stoam.</strong></span> 
     </span>
    </p>

    <p class='ocr_par' dir='ltr' id='par_1_4' title="bbox 255 2141 1428 2329">
     <span class='ocr_line' id='line_1_16' title="bbox 296 2141 1428 2228; baseline 0.007 -23"><span class='ocrx_word' id='word_1_117' title='bbox 296 2144 382 2206; x_wconf 89' lang='lat' dir='ltr'><strong>Ante</strong></span> <span class='ocrx_word' id='word_1_118' title='bbox 414 2141 524 2207; x_wconf 87' lang='lat' dir='ltr'><strong>omnia</strong></span> <span class='ocrx_word' id='word_1_119' title='bbox 557 2141 781 2223; x_wconf 88' lang='lat' dir='ltr'><strong>quaerendum</strong></span> <span class='ocrx_word' id='word_1_120' title='bbox 811 2141 947 2222; x_wconf 89' lang='lat' dir='ltr'><strong>videtur,</strong></span> <span class='ocrx_word' id='word_1_121' title='bbox 976 2143 1060 2209; x_wconf 89' lang='lat' dir='ltr'><strong>sitne</strong></span> <span class='ocrx_word' id='word_1_122' title='bbox 1081 2163 1268 2211; x_wconf 85' lang='lat' dir='ltr'><strong>consessum</strong></span> <span class='ocrx_word' id='word_1_123' title='bbox 1288 2147 1428 2228; x_wconf 89' lang='lat' dir='ltr'><strong>sapienti</strong></span> 
     </span>
     <span class='ocr_line' id='line_1_17' title="bbox 255 2246 986 2329; baseline 0.003 -19"><span class='ocrx_word' id='word_1_124' title='bbox 255 2246 307 2312; x_wconf 92' lang='lat' dir='ltr'><strong>vel</strong></span> <span class='ocrx_word' id='word_1_125' title='bbox 327 2246 510 2329; x_wconf 89' lang='lat' dir='ltr'><strong>proficienti</strong></span> <span class='ocrx_word' id='word_1_126' title='bbox 530 2265 699 2328; x_wconf 85' lang='lat' dir='ltr'><strong>capessere</strong></span> <span class='ocrx_word' id='word_1_127' title='bbox 721 2265 791 2309; x_wconf 91' lang='lat' dir='ltr'><strong>rem</strong></span> <span class='ocrx_word' id='word_1_128' title='bbox 813 2247 986 2327; x_wconf 90' lang='lat' dir='ltr'><strong>publicam.</strong></span> 
     </span>
    </p>

    <p class='ocr_par' dir='ltr' id='par_1_5' title="bbox 247 2350 1428 3174">
     <span class='ocr_line' id='line_1_18' title="bbox 301 2350 1427 2439; baseline 0.006 -23"><span class='ocrx_word' id='word_1_129' title='bbox 301 2353 473 2434; x_wconf 84' lang='lat' dir='ltr'><strong>,Epicurus</strong></span> <span class='ocrx_word' id='word_1_130' title='bbox 505 2351 569 2416; x_wconf 88' lang='lat' dir='ltr'><strong>ait:</strong></span> <span class='ocrx_word' id='word_1_131' title='bbox 601 2350 674 2415; x_wconf 92' lang='lat' dir='ltr'><strong>Non</strong></span> <span class='ocrx_word' id='word_1_132' title='bbox 704 2351 838 2416; x_wconf 86' lang='lat' dir='ltr'><strong>accedat</strong></span> <span class='ocrx_word' id='word_1_133' title='bbox 865 2353 907 2417; x_wconf 87' lang='lat' dir='ltr'><strong>ad</strong></span> <span class='ocrx_word' id='word_1_134' title='bbox 928 2358 997 2417; x_wconf 84' lang='lat' dir='ltr'><strong>rem</strong></span> <span class='ocrx_word' id='word_1_135' title='bbox 1019 2354 1184 2436; x_wconf 87' lang='lat' dir='ltr'><strong>publicam</strong></span> <span class='ocrx_word' id='word_1_136' title='bbox 1204 2355 1345 2439; x_wconf 89' lang='lat' dir='ltr'><strong>sapiens,</strong></span> <span class='ocrx_word' id='word_1_137' title='bbox 1366 2358 1427 2422; x_wconf 89' lang='lat' dir='ltr'><strong>nisi</strong></span> 
     </span>
     <span class='ocr_line' id='line_1_19' title="bbox 254 2455 1428 2542; baseline 0.003 -20"><span class='ocrx_word' id='word_1_138' title='bbox 254 2457 362 2538; x_wconf 92' lang='lat' dir='ltr'><strong>siquid</strong></span> <span class='ocrx_word' id='word_1_139' title='bbox 392 2455 611 2521; x_wconf 88' lang='lat' dir='ltr'><strong>intervenerit.</strong></span> <span class='ocrx_word' id='word_1_140' title='bbox 654 2455 765 2519; x_wconf 88' lang='lat' dir='ltr'><strong>Zenon</strong></span> <span class='ocrx_word' id='word_1_141' title='bbox 793 2456 853 2519; x_wconf 88' lang='lat' dir='ltr'><strong>ait:</strong></span> <span class='ocrx_word' id='word_1_142' title='bbox 881 2455 1025 2522; x_wconf 86' lang='lat' dir='ltr'><strong>Accedat</strong></span> <span class='ocrx_word' id='word_1_143' title='bbox 1049 2459 1091 2522; x_wconf 89' lang='lat' dir='ltr'><strong>ad</strong></span> <span class='ocrx_word' id='word_1_144' title='bbox 1108 2460 1343 2542; x_wconf 86' lang='lat' dir='ltr'><strong>rempublicam</strong></span> <span class='ocrx_word' id='word_1_145' title='bbox 1366 2461 1428 2526; x_wconf 89' lang='lat' dir='ltr'><strong>nisi</strong></span> 
     </span>
     <span class='ocr_line' id='line_1_20' title="bbox 254 2559 1427 2644; baseline 0.005 -19"><span class='ocrx_word' id='word_1_146' title='bbox 254 2560 360 2642; x_wconf 89' lang='lat' dir='ltr'><strong>siquid</strong></span> <span class='ocrx_word' id='word_1_147' title='bbox 382 2559 575 2641; x_wconf 88' lang='lat' dir='ltr'><strong>impedierit.</strong></span> <span class='ocrx_word' id='word_1_148' title='bbox 607 2559 700 2623; x_wconf 86' lang='lat' dir='ltr'><strong>Alter</strong></span> <span class='ocrx_word' id='word_1_149' title='bbox 720 2559 822 2623; x_wconf 91' lang='lat' dir='ltr'><strong>otium</strong></span> <span class='ocrx_word' id='word_1_150' title='bbox 844 2579 883 2624; x_wconf 82' lang='lat' dir='ltr'><strong>ex</strong></span> <span class='ocrx_word' id='word_1_151' title='bbox 894 2562 1060 2642; x_wconf 91' lang='lat' dir='ltr'><strong>proposito</strong></span> <span class='ocrx_word' id='word_1_152' title='bbox 1071 2564 1161 2644; x_wconf 80' lang='lat' dir='ltr'><strong>petit,</strong></span> <span class='ocrx_word' id='word_1_153' title='bbox 1175 2565 1256 2629; x_wconf 89' lang='lat' dir='ltr'><strong>alter</strong></span> <span class='ocrx_word' id='word_1_154' title='bbox 1268 2585 1307 2630; x_wconf 84' lang='lat' dir='ltr'><strong>ex</strong></span> <span class='ocrx_word' id='word_1_155' title='bbox 1318 2584 1427 2631; x_wconf 88' lang='lat' dir='ltr'><strong>causa.</strong></span> 
     </span>
     <span class='ocr_line' id='line_1_21' title="bbox 255 2663 1426 2752; baseline 0.003 -21"><span class='ocrx_word' id='word_1_156' title='bbox 255 2664 364 2731; x_wconf 86' lang='lat' dir='ltr'><strong>Causa</strong></span> <span class='ocrx_word' id='word_1_157' title='bbox 384 2669 493 2730; x_wconf 90' lang='lat' dir='ltr'><strong>autem</strong></span> <span class='ocrx_word' id='word_1_158' title='bbox 516 2665 570 2729; x_wconf 90' lang='lat' dir='ltr'><strong>illa</strong></span> <span class='ocrx_word' id='word_1_159' title='bbox 591 2665 657 2730; x_wconf 87' lang='lat' dir='ltr'><strong>late</strong></span> <span class='ocrx_word' id='word_1_160' title='bbox 677 2666 777 2746; x_wconf 88' lang='lat' dir='ltr'><strong>patet.</strong></span> <span class='ocrx_word' id='word_1_161' title='bbox 806 2663 842 2727; x_wconf 81' lang='lat' dir='ltr'><strong>si</strong></span> <span class='ocrx_word' id='word_1_162' title='bbox 863 2665 1045 2746; x_wconf 90' lang='lat' dir='ltr'><strong>respublica</strong></span> <span class='ocrx_word' id='word_1_163' title='bbox 1065 2669 1247 2750; x_wconf 88' lang='lat' dir='ltr'><strong>corruptior</strong></span> <span class='ocrx_word' id='word_1_164' title='bbox 1258 2672 1315 2749; x_wconf 88' lang='lat' dir='ltr'><strong>est,</strong></span> <span class='ocrx_word' id='word_1_165' title='bbox 1327 2689 1426 2752; x_wconf 88' lang='lat' dir='ltr'><strong>quam</strong></span> 
     </span>
     <span class='ocr_line' id='line_1_22' title="bbox 255 2768 1426 2856; baseline 0.003 -20"><span class='ocrx_word' id='word_1_166' title='bbox 255 2775 292 2835; x_wconf 95' lang='lat' dir='ltr'><strong>ut</strong></span> <span class='ocrx_word' id='word_1_167' title='bbox 312 2771 468 2836; x_wconf 82' lang='lat' dir='ltr'><strong>adiuvare</strong></span> <span class='ocrx_word' id='word_1_168' title='bbox 489 2769 608 2848; x_wconf 90' lang='lat' dir='ltr'><strong>possit,</strong></span> <span class='ocrx_word' id='word_1_169' title='bbox 637 2768 664 2832; x_wconf 91' lang='lat' dir='ltr'><strong>si</strong></span> <span class='ocrx_word' id='word_1_170' title='bbox 686 2772 843 2849; x_wconf 87' lang='lat' dir='ltr'><strong>occupata</strong></span> <span class='ocrx_word' id='word_1_171' title='bbox 865 2773 914 2833; x_wconf 91' lang='lat' dir='ltr'><strong>est</strong></span> <span class='ocrx_word' id='word_1_172' title='bbox 934 2770 1044 2835; x_wconf 81' lang='lat' dir='ltr'><strong>malis:</strong></span> <span class='ocrx_word' id='word_1_173' title='bbox 1067 2791 1133 2836; x_wconf 90' lang='lat' dir='ltr'><strong>non</strong></span> <span class='ocrx_word' id='word_1_174' title='bbox 1153 2773 1277 2839; x_wconf 89' lang='lat' dir='ltr'><strong>nitetur</strong></span> <span class='ocrx_word' id='word_1_175' title='bbox 1296 2775 1426 2856; x_wconf 88' lang='lat' dir='ltr'><strong>sapiens</strong></span> 
     </span>
     <span class='ocr_line' id='line_1_23' title="bbox 254 2874 1425 2961; baseline 0.004 -21"><span class='ocrx_word' id='word_1_176' title='bbox 254 2875 288 2940; x_wconf 93' lang='lat' dir='ltr'><strong>in</strong></span> <span class='ocrx_word' id='word_1_177' title='bbox 318 2891 577 2955; x_wconf 88' lang='lat' dir='ltr'><strong>supervacuum,</strong></span> <span class='ocrx_word' id='word_1_178' title='bbox 602 2892 663 2937; x_wconf 88' lang='lat' dir='ltr'><strong>nec</strong></span> <span class='ocrx_word' id='word_1_179' title='bbox 683 2893 724 2959; x_wconf 8' lang='lat' dir='ltr'><strong>se?</strong></span> <span class='ocrx_word' id='word_1_180' title='bbox 739 2874 820 2938; x_wconf 89' lang='lat' dir='ltr'><strong>nihil</strong></span> <span class='ocrx_word' id='word_1_181' title='bbox 841 2875 1029 2955; x_wconf 87' lang='lat' dir='ltr'><strong>profuturus</strong></span> <span class='ocrx_word' id='word_1_182' title='bbox 1050 2877 1239 2958; x_wconf 88' lang='lat' dir='ltr'><strong>impendet:</strong></span> <span class='ocrx_word' id='word_1_183' title='bbox 1260 2879 1425 2961; x_wconf 89' lang='lat' dir='ltr'><strong>siparum</strong></span> 
     </span>
     <span class='ocr_line' id='line_1_24' title="bbox 255 2977 1426 3072; baseline 0.007 -30"><span class='ocrx_word' id='word_1_184' title='bbox 255 2978 389 3044; x_wconf 89' lang='lat' dir='ltr'><strong>babebit</strong></span> <span class='ocrx_word' id='word_1_185' title='bbox 409 2977 610 3043; x_wconf 91' lang='lat' dir='ltr'><strong>auctoritatis</strong></span> <span class='ocrx_word' id='word_1_186' title='bbox 631 2980 688 3042; x_wconf 91' lang='lat' dir='ltr'><strong>aut</strong></span> <span class='ocrx_word' id='word_1_187' title='bbox 702 2978 839 3044; x_wconf 89' lang='lat' dir='ltr'><strong>virium:</strong></span> <span class='ocrx_word' id='word_1_188' title='bbox 861 2999 922 3044; x_wconf 90' lang='lat' dir='ltr'><strong>nec</strong></span> <span class='ocrx_word' id='word_1_189' title='bbox 933 2980 1023 3072; x_wconf 87' lang='lat' dir='ltr'><strong>illum</strong></span> <span class='ocrx_word' id='word_1_190' title='bbox 1035 2982 1096 3046; x_wconf 90' lang='lat' dir='ltr'><strong>erit</strong></span> <span class='ocrx_word' id='word_1_191' title='bbox 1107 2983 1292 3049; x_wconf 86' lang='lat' dir='ltr'><strong>admissura</strong></span> <span class='ocrx_word' id='word_1_192' title='bbox 1311 3003 1426 3067; x_wconf 90' lang='lat' dir='ltr'><strong>respu·</strong></span> 
     </span>
     <span class='ocr_line' id='line_1_25' title="bbox 247 3081 1424 3174; baseline 0.005 -26"><span class='ocrx_word' id='word_1_193' title='bbox 247 3083 357 3162; x_wconf 89' lang='lat' dir='ltr'><strong>blica,</strong></span> <span class='ocrx_word' id='word_1_194' title='bbox 378 3083 405 3147; x_wconf 90' lang='lat' dir='ltr'><strong>si</strong></span> <span class='ocrx_word' id='word_1_195' title='bbox 425 3082 578 3174; x_wconf 81' lang='lat' dir='ltr'><strong>valetudo</strong></span> <span class='ocrx_word' id='word_1_196' title='bbox 599 3081 689 3147; x_wconf 90' lang='lat' dir='ltr'><strong>illum</strong></span> <span class='ocrx_word' id='word_1_197' title='bbox 711 3083 886 3165; x_wconf 89' lang='lat' dir='ltr'><strong>impediet’&#39;</strong></span> <span class='ocrx_word' id='word_1_198' title='bbox 908 3088 968 3150; x_wconf 88' lang='lat' dir='ltr'><strong>cet.</strong></span> <span class='ocrx_word' id='word_1_199' title='bbox 990 3086 1077 3164; x_wconf 88' lang='lat' dir='ltr'><strong>(Sen.</strong></span> <span class='ocrx_word' id='word_1_200' title='bbox 1105 3087 1146 3152; x_wconf 87' lang='lat' dir='ltr'><strong>de</strong></span> <span class='ocrx_word' id='word_1_201' title='bbox 1168 3088 1313 3170; x_wconf 89' lang='lat' dir='ltr'><strong>otiosap.</strong></span> <span class='ocrx_word' id='word_1_202' title='bbox 1326 3092 1424 3165; x_wconf 86' lang='lat' dir='ltr'><strong>c.30).</strong></span> 
     </span>
    </p>

    <p class='ocr_par' dir='ltr' id='par_1_6' title="bbox 254 3184 1426 3375">
     <span class='ocr_line' id='line_1_26' title="bbox 292 3184 1426 3277; baseline 0.006 -29"><span class='ocrx_word' id='word_1_203' title='bbox 292 3187 514 3250; x_wconf 66' lang='grc' dir='ltr'><strong>Πολιτεύεσὲται</strong></span> <span class='ocrx_word' id='word_1_204' title='bbox 534 3185 605 3267; x_wconf 74' lang='grc' dir='ltr'><strong>φασὶ</strong></span> <span class='ocrx_word' id='word_1_205' title='bbox 626 3184 678 3246; x_wconf 79' lang='grc' dir='ltr'><strong>τὸν</strong></span> <span class='ocrx_word' id='word_1_206' title='bbox 698 3185 787 3268; x_wconf 71' lang='grc' dir='ltr'><em>σοφὸν</em></span> <span class='ocrx_word' id='word_1_207' title='bbox 807 3187 843 3247; x_wconf 76' lang='grc' dir='ltr'><strong>ἂν</strong></span> <span class='ocrx_word' id='word_1_208' title='bbox 864 3191 907 3266; x_wconf 82' lang='grc' dir='ltr'><strong>μή</strong></span> <span class='ocrx_word' id='word_1_209' title='bbox 927 3212 957 3250; x_wconf 82' lang='grc' dir='ltr'><strong>τι</strong></span> <span class='ocrx_word' id='word_1_210' title='bbox 977 3191 1087 3277; x_wconf 75' lang='grc' dir='ltr'><strong><em>κωλύῃ,</em></strong></span> <span class='ocrx_word' id='word_1_211' title='bbox 1110 3190 1149 3260; x_wconf 74' lang='grc' dir='ltr'><strong>ὥς</strong></span> <span class='ocrx_word' id='word_1_212' title='bbox 1159 3211 1227 3272; x_wconf 81' lang='grc' dir='ltr'><strong><em>φησι</em></strong></span> <span class='ocrx_word' id='word_1_213' title='bbox 1247 3194 1426 3269; x_wconf 71' lang='grc' dir='ltr'>Χρύσιππος</span> 
     </span>
     <span class='ocr_line' id='line_1_27' title="bbox 254 3289 1082 3375; baseline 0.006 -22"><span class='ocrx_word' id='word_1_214' title='bbox 254 3290 282 3354; x_wconf 80' lang='grc' dir='ltr'><strong>ἓν</strong></span> <span class='ocrx_word' id='word_1_215' title='bbox 303 3293 411 3372; x_wconf 77' lang='grc' dir='ltr'>πρώτῳ</span> <span class='ocrx_word' id='word_1_216' title='bbox 436 3291 527 3370; x_wconf 77' lang='lat' dir='ltr'><strong>„ssepi</strong></span> <span class='ocrx_word' id='word_1_217' title='bbox 546 3289 639 3367; x_wconf 63' lang='lat' dir='ltr'><strong>ssioffl&#39;</strong></span> <span class='ocrx_word' id='word_1_218' title='bbox 660 3292 766 3374; x_wconf 84' lang='lat' dir='ltr'><strong>(Diog.</strong></span> <span class='ocrx_word' id='word_1_219' title='bbox 786 3293 893 3358; x_wconf 78' lang='lat' dir='ltr'><strong>Laert.</strong></span> <span class='ocrx_word' id='word_1_220' title='bbox 915 3294 979 3375; x_wconf 85' lang='lat' dir='ltr'><strong>Vll,</strong></span> <span class='ocrx_word' id='word_1_221' title='bbox 1002 3295 1082 3372; x_wconf 64' lang='lat' dir='ltr'><strong>iti).</strong></span> 
     </span>
    </p>

    <p class='ocr_par' dir='ltr' id='par_1_7' title="bbox 253 3385 1426 3798">
     <span class='ocr_line' id='line_1_28' title="bbox 297 3385 1425 3480; baseline 0.006 -19"><span class='ocrx_word' id='word_1_222' title='bbox 297 3397 398 3476; x_wconf 80' lang='lat' dir='ltr'><strong>,Cum</strong></span> <span class='ocrx_word' id='word_1_223' title='bbox 420 3399 530 3460; x_wconf 88' lang='lat' dir='ltr'><strong>aulem</strong></span> <span class='ocrx_word' id='word_1_224' title='bbox 552 3385 595 3460; x_wconf 81' lang='lat' dir='ltr'><strong>ad</strong></span> <span class='ocrx_word' id='word_1_225' title='bbox 616 3396 755 3461; x_wconf 91' lang='lat' dir='ltr'><strong>tuendos</strong></span> <span class='ocrx_word' id='word_1_226' title='bbox 768 3397 1073 3480; x_wconf 79' lang='lat' dir='ltr'><strong>conservandosque</strong></span> <span class='ocrx_word' id='word_1_227' title='bbox 1084 3399 1242 3480; x_wconf 92' lang='lat' dir='ltr'><strong>homines,</strong></span> <span class='ocrx_word' id='word_1_228' title='bbox 1258 3402 1425 3468; x_wconf 91' lang='lat' dir='ltr'><strong>hominem</strong></span> 
     </span>
     <span class='ocr_line' id='line_1_29' title="bbox 253 3500 1426 3587; baseline 0.004 -20"><span class='ocrx_word' id='word_1_229' title='bbox 253 3505 367 3567; x_wconf 87' lang='lat' dir='ltr'><strong>natum</strong></span> <span class='ocrx_word' id='word_1_230' title='bbox 399 3520 469 3566; x_wconf 90' lang='lat' dir='ltr'><strong>esse</strong></span> <span class='ocrx_word' id='word_1_231' title='bbox 499 3500 689 3579; x_wconf 79' lang='lat' dir='ltr'><strong>rideamne,</strong></span> <span class='ocrx_word' id='word_1_232' title='bbox 723 3505 980 3567; x_wconf 90' lang='lat' dir='ltr'><strong>consentaneum</strong></span> <span class='ocrx_word' id='word_1_233' title='bbox 1013 3507 1061 3568; x_wconf 88' lang='lat' dir='ltr'><strong>est</strong></span> <span class='ocrx_word' id='word_1_234' title='bbox 1093 3503 1169 3569; x_wconf 89' lang='lat' dir='ltr'><strong>huic</strong></span> <span class='ocrx_word' id='word_1_235' title='bbox 1199 3508 1357 3587; x_wconf 87' lang='lat' dir='ltr'><strong>naturae,</strong></span> <span class='ocrx_word' id='word_1_236' title='bbox 1389 3511 1426 3572; x_wconf 92' lang='lat' dir='ltr'><strong>ut</strong></span> 
     </span>
     <span class='ocr_line' id='line_1_30' title="bbox 254 3605 1425 3691; baseline 0.003 -19"><span class='ocrx_word' id='word_1_237' title='bbox 254 3606 385 3688; x_wconf 87' lang='lat' dir='ltr'><strong>sapiens</strong></span> <span class='ocrx_word' id='word_1_238' title='bbox 415 3606 493 3671; x_wconf 88' lang='lat' dir='ltr'><strong>velit</strong></span> <span class='ocrx_word' id='word_1_239' title='bbox 524 3623 636 3686; x_wconf 86' lang='lat' dir='ltr'><strong>gerere</strong></span> <span class='ocrx_word' id='word_1_240' title='bbox 669 3608 700 3669; x_wconf 89' lang='lat' dir='ltr'><strong>et</strong></span> <span class='ocrx_word' id='word_1_241' title='bbox 732 3605 961 3672; x_wconf 85' lang='lat' dir='ltr'><strong>administrare</strong></span> <span class='ocrx_word' id='word_1_242' title='bbox 991 3609 1246 3690; x_wconf 89' lang='lat' dir='ltr'><strong>rempublicam”</strong></span> <span class='ocrx_word' id='word_1_243' title='bbox 1277 3610 1355 3691; x_wconf 79' lang='lat' dir='ltr'><strong>(Cic.</strong></span> <span class='ocrx_word' id='word_1_244' title='bbox 1384 3613 1425 3676; x_wconf 92' lang='lat' dir='ltr'><strong>de</strong></span> 
     </span>
     <span class='ocr_line' id='line_1_31' title="bbox 254 3709 765 3798; baseline -0.006 -22"><span class='ocrx_word' id='word_1_245' title='bbox 254 3712 309 3776; x_wconf 88' lang='lat' dir='ltr'><strong>fin.</strong></span> <span class='ocrx_word' id='word_1_246' title='bbox 330 3710 381 3776; x_wconf 86' lang='lat' dir='ltr'><strong>lll.</strong></span> <span class='ocrx_word' id='word_1_247' title='bbox 403 3709 515 3790; x_wconf 61' lang='lat' dir='ltr'><strong>20l68).</strong></span> <span class='ocrx_word' id='word_1_248' title='bbox 761 3790 765 3798; x_wconf 19' lang='grc' dir='ltr'>ι</span> 
     </span>
    </p>

    <p class='ocr_par' dir='ltr' id='par_1_8' title="bbox 252 3799 1423 4003">
     <span class='ocr_line' id='line_1_32' title="bbox 271 3799 1423 3894; baseline 0.008 -21"><span class='ocrx_word' id='word_1_249' title='bbox 271 3813 272 3816; x_wconf 65' lang='grc'>’</span> <span class='ocrx_word' id='word_1_250' title='bbox 297 3817 355 3886; x_wconf 87' lang='grc' dir='ltr'><strong>Ὃς</strong></span> <span class='ocrx_word' id='word_1_251' title='bbox 376 3815 438 3891; x_wconf 73' lang='grc' dir='ltr'><strong>γὰρ</strong></span> <span class='ocrx_word' id='word_1_252' title='bbox 458 3804 505 3874; x_wconf 72' lang='grc' dir='ltr'><strong>οὖν</strong></span> <span class='ocrx_word' id='word_1_253' title='bbox 526 3816 660 3878; x_wconf 64' lang='grc' dir='ltr'><strong>καθόλου</strong></span> <span class='ocrx_word' id='word_1_254' title='bbox 680 3814 735 3881; x_wconf 73' lang='grc' dir='ltr'><strong>τὴν</strong></span> <span class='ocrx_word' id='word_1_255' title='bbox 756 3814 821 3891; x_wconf 75' lang='grc' dir='ltr'><strong>περὶ</strong></span> <span class='ocrx_word' id='word_1_256' title='bbox 842 3799 909 3891; x_wconf 69' lang='grc' dir='ltr'><strong>βίον</strong></span> <span class='ocrx_word' id='word_1_257' title='bbox 929 3815 1099 3894; x_wconf 75' lang='grc' dir='ltr'>ἐπιστήμην</span> <span class='ocrx_word' id='word_1_258' title='bbox 1119 3817 1272 3893; x_wconf 65' lang='lat' dir='ltr'><strong>aternam,</strong></span> <span class='ocrx_word' id='word_1_259' title='bbox 1295 3826 1326 3881; x_wconf 83' lang='grc' dir='ltr'><strong>τί</strong></span> <span class='ocrx_word' id='word_1_260' title='bbox 1345 3822 1423 3882; x_wconf 78' lang='grc' dir='ltr'><strong><em>ἄλλο</em></strong></span> 
     </span>
     <span class='ocr_line' id='line_1_33' title="bbox 252 3909 1297 4003; baseline 0.01 -23"><span class='ocrx_word' id='word_1_261' title='bbox 252 3917 270 3989; x_wconf 71' lang='lat' dir='ltr'><strong>ii</strong></span> <span class='ocrx_word' id='word_1_262' title='bbox 290 3926 395 3981; x_wconf 78' lang='grc' dir='ltr'><em>τοῦτον</em></span> <span class='ocrx_word' id='word_1_263' title='bbox 416 3909 481 3980; x_wconf 79' lang='grc' dir='ltr'><em>εἶναι</em></span> <span class='ocrx_word' id='word_1_264' title='bbox 501 3921 546 3980; x_wconf 76' lang='grc' dir='ltr'><strong>δεῖ</strong></span> <span class='ocrx_word' id='word_1_265' title='bbox 564 3919 616 3980; x_wconf 80' lang='grc' dir='ltr'><strong>τὸν</strong></span> <span class='ocrx_word' id='word_1_266' title='bbox 636 3920 808 3992; x_wconf 76' lang='grc' dir='ltr'><strong>ὃεσπὸτην”</strong></span> <span class='ocrx_word' id='word_1_267' title='bbox 838 3921 978 3996; x_wconf 85' lang='lat' dir='ltr'><strong>(Arrian.</strong></span> <span class='ocrx_word' id='word_1_268' title='bbox 1001 3923 1076 3987; x_wconf 72' lang='lat' dir='ltr'><strong>diss</strong></span> <span class='ocrx_word' id='word_1_269' title='bbox 1098 3924 1147 3987; x_wconf 84' lang='grc' dir='ltr'><strong>ΙΙΙ.</strong></span> <span class='ocrx_word' id='word_1_270' title='bbox 1169 3943 1195 3988; x_wconf 84' lang='lat' dir='ltr'><strong>c.</strong></span> <span class='ocrx_word' id='word_1_271' title='bbox 1216 3925 1297 4003; x_wconf 79' lang='lat' dir='ltr'><strong>ult).</strong></span> 
     </span>
    </p>

    <p class='ocr_par' dir='ltr' id='par_1_9' title="bbox 255 4025 1424 4217">
     <span class='ocr_line' id='line_1_34' title="bbox 293 4025 1424 4114; baseline 0.005 -24"><span class='ocrx_word' id='word_1_272' title='bbox 293 4026 361 4090; x_wconf 90' lang='lat' dir='ltr'><strong>Nec</strong></span> <span class='ocrx_word' id='word_1_273' title='bbox 391 4025 520 4104; x_wconf 91' lang='lat' dir='ltr'><strong>mirum,</strong></span> <span class='ocrx_word' id='word_1_274' title='bbox 551 4044 629 4090; x_wconf 91' lang='lat' dir='ltr'><strong>nam</strong></span> <span class='ocrx_word' id='word_1_275' title='bbox 661 4025 688 4090; x_wconf 92' lang='lat' dir='ltr'><strong>is</strong></span> <span class='ocrx_word' id='word_1_276' title='bbox 729 4026 816 4090; x_wconf 91' lang='lat' dir='ltr'><strong>solus</strong></span> <span class='ocrx_word' id='word_1_277' title='bbox 836 4026 963 4108; x_wconf 45' lang='lat' dir='ltr'><strong>&#39;dignus</strong></span> <span class='ocrx_word' id='word_1_278' title='bbox 995 4030 1062 4106; x_wconf 91' lang='lat' dir='ltr'><strong>est,</strong></span> <span class='ocrx_word' id='word_1_279' title='bbox 1094 4029 1149 4112; x_wconf 88' lang='lat' dir='ltr'><strong>qui</strong></span> <span class='ocrx_word' id='word_1_280' title='bbox 1169 4030 1347 4111; x_wconf 83' lang='lat' dir='ltr'><strong>gubernet,</strong></span> <span class='ocrx_word' id='word_1_281' title='bbox 1369 4033 1424 4114; x_wconf 93' lang='lat' dir='ltr'><strong>qui</strong></span> 
     </span>
     <span class='ocr_line' id='line_1_35' title="bbox 255 4122 1423 4217; baseline 0.007 -23"><span class='ocrx_word' id='word_1_282' title='bbox 255 4129 365 4195; x_wconf 86' lang='lat' dir='ltr'><strong>didicit</strong></span> <span class='ocrx_word' id='word_1_283' title='bbox 385 4130 564 4195; x_wconf 85' lang='lat' dir='ltr'><strong>maximum</strong></span> <span class='ocrx_word' id='word_1_284' title='bbox 587 4134 686 4212; x_wconf 89' lang='lat' dir='ltr'><strong>atque</strong></span> <span class='ocrx_word' id='word_1_285' title='bbox 707 4122 936 4198; x_wconf 78' lang='lat' dir='ltr'><strong>difficillimum.</strong></span> <span class='ocrx_word' id='word_1_286' title='bbox 952 4132 1125 4215; x_wconf 84' lang='lat' dir='ltr'><strong>imperium</strong></span> <span class='ocrx_word' id='word_1_287' title='bbox 1143 4135 1221 4214; x_wconf 90' lang='lat' dir='ltr'><strong>,sibi</strong></span> <span class='ocrx_word' id='word_1_288' title='bbox 1231 4135 1423 4217; x_wconf 87' lang='lat' dir='ltr'><strong>imperare”.</strong></span> 
     </span>
    </p>

    <p class='ocr_par' dir='ltr' id='par_1_10' title="bbox 252 4234 1423 4427">
     <span class='ocr_line' id='line_1_36' title="bbox 295 4234 1423 4324; baseline 0.006 -25"><span class='ocrx_word' id='word_1_289' title='bbox 295 4234 360 4300; x_wconf 90' lang='lat' dir='ltr'><strong>Sed</strong></span> <span class='ocrx_word' id='word_1_290' title='bbox 381 4235 469 4300; x_wconf 91' lang='lat' dir='ltr'><strong>hunc</strong></span> <span class='ocrx_word' id='word_1_291' title='bbox 488 4235 670 4317; x_wconf 88' lang='lat' dir='ltr'><strong>sapientem</strong></span> <span class='ocrx_word' id='word_1_292' title='bbox 692 4238 953 4302; x_wconf 90' lang='lat' dir='ltr'><strong>consummatum</strong></span> <span class='ocrx_word' id='word_1_293' title='bbox 964 4237 1061 4319; x_wconf 88' lang='lat' dir='ltr'><strong>haec,</strong></span> <span class='ocrx_word' id='word_1_294' title='bbox 1083 4240 1117 4305; x_wconf 92' lang='lat' dir='ltr'><strong>in</strong></span> <span class='ocrx_word' id='word_1_295' title='bbox 1129 4259 1194 4322; x_wconf 88' lang='lat' dir='ltr'><strong>qua</strong></span> <span class='ocrx_word' id='word_1_296' title='bbox 1204 4259 1264 4305; x_wconf 91' lang='lat' dir='ltr'><strong>nos</strong></span> <span class='ocrx_word' id='word_1_297' title='bbox 1274 4241 1423 4324; x_wconf 86' lang='lat' dir='ltr'><strong>vivimus,</strong></span> 
     </span>
     <span class='ocr_line' id='line_1_37' title="bbox 252 4340 1423 4427; baseline 0.005 -22"><span class='ocrx_word' id='word_1_298' title='bbox 252 4342 359 4421; x_wconf 90' lang='lat' dir='ltr'><strong>terra,</strong></span> <span class='ocrx_word' id='word_1_299' title='bbox 381 4358 561 4422; x_wconf 85' lang='lat' dir='ltr'><strong>numquam</strong></span> <span class='ocrx_word' id='word_1_300' title='bbox 582 4340 671 4407; x_wconf 90' lang='lat' dir='ltr'><strong>vidit.</strong></span> <span class='ocrx_word' id='word_1_301' title='bbox 713 4340 782 4405; x_wconf 90' lang='lat' dir='ltr'><strong>lam</strong></span> <span class='ocrx_word' id='word_1_302' title='bbox 804 4340 917 4423; x_wconf 87' lang='lat' dir='ltr'><strong>optimi</strong></span> <span class='ocrx_word' id='word_1_303' title='bbox 938 4343 1076 4426; x_wconf 83' lang='lat' dir='ltr'><strong>exempli</strong></span> <span class='ocrx_word' id='word_1_304' title='bbox 1097 4345 1158 4412; x_wconf 86' lang='lat' dir='ltr'><strong>erit</strong></span> <span class='ocrx_word' id='word_1_305' title='bbox 1177 4345 1355 4427; x_wconf 89' lang='lat' dir='ltr'><strong>imperator</strong></span> <span class='ocrx_word' id='word_1_306' title='bbox 1371 4349 1423 4414; x_wconf 88' lang='lat' dir='ltr'><strong>vel</strong></span> 
     </span>
    </p>
   </div>
   <div class='ocr_carea' id='block_1_3' title="bbox 0 0 1696 5056">
    <p class='ocr_par' dir='ltr' id='par_1_11' title="bbox 0 0 1696 5056">
     <span class='ocr_line' id='line_1_38' title="bbox 0 0 1696 5056; baseline 0 2"><span class='ocrx_word' id='word_1_307' title='bbox 0 0 1696 5056; x_wconf 95' lang='lat' dir='ltr'><strong> </strong></span> 
     </span>
    </p>
   </div>
  </div>
 </body>
</html>
