3402 5056
842 543 877 605 17

272 741 339 788 non
360 723 421 787 nisi
442 723 477 787 in
498 727 644 788 extremo
666 721 762 786 huius
783 722 862 785 orbe
883 739 985 802 purus
1006 720 1238 799 sit,*summus
1259 721 1310 786 1119
1332 722 1447 786 mundi

273 828 423 893 circuitus
445 827 496 892 dei
518 827 653 914 propria
673 824 768 890 sedes
792 829 848 891 est.
880 824 1085 906 Ubicumque
1107 829 1155 889 est
1177 827 1309 895 aether.
1328 825 1374 890 ibi
1397 829 1446 891 est

273 933 349 997 vita.
382 931 466 996 Hinc
499 933 660 1014 spatium,
692 930 780 1013 quod
811 930 925 994 orbem
958 930 1041 994 aeris
1073 930 1271 1011 circumdat,
1296 931 1363 995 suis
1378 931 1445 997 'sibi

180 1073 183 1078 ·
273 1037 494 1101 animantibus
515 1056 582 1101 non
604 1041 699 1102 caret.
743 1037 778 1098 111
801 1035 936 1099 summis
957 1035 1162 1116 regionibus,
1184 1035 1240 1100 ubi
1263 1037 1377 1101 aether
1398 1035 1447 1100 est

274 1141 484 1222 purissimuS,
515 1142 611 1223 igitur
642 1141 684 1205 ab
713 1144 859 1204 extremo
891 1141 971 1204 caeti
1004 1140 1137 1205 circuitu
1158 1161 1262 1222 usque
1285 1142 1327 1206 ad
1349 1141 1445 1207 lunae

273 1265 408 1327 gyrum,
429 1245 537 1309 sidera
559 1250 591 1309 et
612 1246 724 1309 stellae
744 1247 931 1324 versantur,
953 1264 1039 1325 quae
1061 1265 1100 1309 ex
1122 1247 1254 1310 aethere
1265 1265 1348 1328 puro
1361 1247 1446 1312 tacta

274 1355 306 1416 et
327 1351 398 1432 ipsa
418 1355 572 1415 naturam
595 1350 741 1414 divinam
762 1349 894 1413 habent·
926 1349 1028 1430 Regio
1050 1349 1134 1415 inira
1155 1351 1267 1416 lunam
1289 1351 1447 1434 usquead

274 1456 387 1521 orbern
419 1458 503 1521 aeris
535 1457 630 1521 sedes
652 1459 701 1519 est
722 1454 861 1519 heroum
882 1455 933 1518 vel
955 1454 1140 1520 animarum
1162 1453 1368 1538 sapientium,
1391 1459 1446 1540 qui

275 1580 465 1640 supremum
487 1561 574 1650 diem
596 1561 763 1636 obierunt,
785 1559 912 1633 larium,
934 1559 968 1623 in
979 1579 1120 1641 quorum
1131 1560 1234 1626 tutela
1244 1565 1320 1626 sunt
1331 1563 1446 1627 domus

274 1669 308 1729 et
329 1667 439 1747 urbes,
461 1667 630 1748 geniorum
644 1664 708 1745 ²³),
731 1664 884 1746 quisunt
904 1665 1034 1745 patroni
1056 1665 1123 1729 sive
1146 1665 1191 1730 dii
1212 1667 1367 1732 tutelares
1388 1668 1448 1732 ho-

275 1771 411 1835 minum.
452 1771 544 1838 (Vide
585 1768 757 1850 Augustini
786 1769 827 1832 de
848 1768 907 1832 civ.
930 1769 988 1833 Dei
1008 1769 1072 1833 VH.
1094 1770 1123 1851 6,
1144 1771 1201 1835 ubi
1222 1772 1310 1836 locus
1331 1771 1449 1837 citatur

276 1876 431 1941 Varronis
446 1875 552 1940 'Stoici
573 1875 720 1951 romani;
743 1873 780 1938 cf.
803 1873 889 1954 Lips
912 1874 1004 1955 phys.
1027 1873 1123 1939 Stoic.
1146 1875 1172 1937 1.
1197 1875 1254 1952 18).

316 1980 438 2045 Omnes
468 1981 531 2046 hae
558 1980 687 2044 animae
709 1982 862 2043 naturam
883 1978 1064 2043 humanam
1085 1978 1181 2060 longe
1202 1984 1394 2062 superantes
1417 1984 1449 2046 et

275 2085 410 2166 propius
432 2086 474 2149 ad
496 2084 641 2148 divinam
662 2075 877 2151 aecedentes(
891 2102 991 2164 quam
1012 2086 1134 2148 sortem
1156 2083 1255 2148 nobis
1272 2085 1375 2149 fatum
1395 2105 1447 2150 or-

274 2191 457 2268 dinaverit,
489 2192 610 2254 norunt
642 2192 674 2253 et
703 2189 769 2251 virn
791 2207 830 2252 ac
849 2191 1046 2268 potestatem
1067 2189 1191 2254 habent
1211 2191 1365 2256 monendi
1388 2210 1448 2256 nos

276 2294 429 2366 somniis,
461 2295 576 2376 signis,
607 2293 782 2375 portentis,
814 2292 973 2374 quidquid
1004 2292 1145 2374 denique
1176 2299 1225 2358 est
1256 2315 1320 2378 quo
1339 2297 1449 2362 futura

261 2379 462 2464 'indicantur
475 2399 534 2479 ²⁴).
567 2398 729 2480 imprimis
750 2397 847 2461 statio
867 2398 1034 2462 stellarum
1056 2402 1088 2462 et
1109 2418 1222 2464 earum
1242 2405 1350 2465 motus
1362 2405 1448 2466 arcte

279 2524 425 2570 connexa
446 2507 522 2568 sunt
542 2522 616 2567 cum
638 2503 695 2566 fati
717 2502 863 2566 decretis
895 2503 958 2568 Ars
979 2503 1176 2568 documenta
1187 2505 1338 2570 caelestia
1349 2507 1449 2571 inter·

277 2609 439 2692 pretandi,
461 2607 618 2674 divinatio
636 2607 893 2688 --astrologiam
915 2601 1110 2672 recentiores
1131 2609 1451 2676 vocitant-Stoicis

277 2734 406 2781 summo
438 2715 563 2780 honore
589 2713 775 2778 habebatur
788 2713 846 2788 ²⁵).
881 2713 924 2776 At
944 2730 1011 2776 non
1032 2732 1072 2777 ea
1093 2717 1141 2778 est
1160 2715 1209 2778 vis
1230 2705 1373 2781 siderum
1395 2735 1450 2797 ge-

277 2822 489 2902 niorumque,
511 2823 547 2882 ut
568 2818 742 2900 quicquam
763 2821 895 2882 nostrae
918 2819 1014 2882 sortis
1036 2823 1164 2884 mutare
1190 2821 1341 2898 valeant,
1372 2840 1450 2887 narn

278 2929 382 2994 satum
404 2924 604 3006 Chrysippus
626 2922 727 3002 (apud
746 2922 819 2986 Aul.
843 2922 919 2986 Geli.
942 2927 1026 2987 noct.
1040 2923 1110 3004 att.)
1121 2924 1167 2989 ita
1179 2924 1311 2990 definit:
1334 2929 1449 3002 Εἱμαρ-

279 3034 368 3109 μένην
400 3018 466 3088 εἶναι
496 3027 616 3108 φυσικὴν
645 3027 783 3106 σύνταξιν
821 3035 880 3086 τῶν
909 3026 994 3101 ὅλων,
1019 3027 1052 3107 ἐξ
1073 3029 1161 3088 aridiora
1183 3038 1242 3089 τῶν
1263 3031 1367 3107 ἑτέρων
1388 3042 1450 3101 τοῖς

279 3137 385 3212 ἑτέροις
399 3134 663 3197 ἑπακολοθοὸντων
674 3131 869 3208 ἁμεταβόλου
880 3133 929 3194 καὶ
939 3131 1142 3208 ἁπαραβὰτου
1152 3134 1239 3206 οὔσης
1249 3143 1304 3206 τῆς
1314 3136 1450 3208 τοιαύτης

278 3247 466 3317 coartante.

319 3347 427 3424 Quum
449 3363 526 3409 vero
547 3344 650 3407 multo
671 3343 796 3424 longius
818 3361 918 3423 quam
938 3361 998 3407 nos
1019 3343 1129 3409 futura
1149 3346 1352 3427 provideant,
1378 3366 1450 3411 mo-

279 3453 354 3516 nitis
376 3470 489 3515 eorum
510 3449 659 3514 homines
681 3447 742 3512 sibi
763 3466 878 3512 cavere
899 3466 938 3511 ae
958 3449 1126 3513 consulere
1146 3449 1335 3516 invitantur.
1357 3451 1451 3528 (Vide

279 3557 356 3624 Son.
389 3574 439 3635 ep.
460 3555 519 3632 883
542 3553 581 3619 cf.
601 3557 714 3617 tamen
734 3551 810 3617 Sen.
832 3552 875 3616 ad
895 3553 993 3617 Mare.
1015 3571 1041 3616 c.
1065 3554 1121 3632 183
1140 3555 1216 3619 Sen.
1237 3559 1361 3638 quaest.
1383 3560 1451 3621 nat

280 3663 315 3727 11.
338 3663 386 3726 31.
407 3662 479 3738 Quo
500 3678 597 3723 sensu
619 3677 679 3722 nos
701 3657 856 3738 dicimus,
879 3677 931 3722 res
953 3659 1268 3740 exponituraBalbo
1279 3661 1386 3726 Stoico
1398 3681 1451 3743 ap.

282 3767 345 3833 Cic.
374 3769 440 3830 nat.
463 3765 550 3828 deor.
573 3764 609 3828 11.
630 3764 657 3826 d.
681 3764 748 3827 Nec
768 3762 930 3844 neglenda
951 3762 1050 3846 Lipsii
1072 3765 1147 3829 diss.
1171 3764 1282 3830 11111.
1304 3767 1323 3829 h
1344 3767 1451 3849 phys)

319 3873 398 3936 Post
419 3871 561 3942 aethera,
585 3887 682 3951 quem
703 3868 777 3932 licet
797 3887 864 3932 non
877 3869 1017 3933 eundem
1028 3872 1140 3933 tamen
1153 3870 1195 3933 ad
1206 3869 1451 3937 similitudinem

280 3977 363 4062 ignis
393 3974 493 4040 Stoici
514 3973 645 4038 finxisse
665 3973 837 4051 videntur,
858 3973 920 4036 hoc
941 3973 1055 4038 ordine
1077 3975 1238 4040 elementa
1259 3976 1320 4040 sibi
1341 3998 1451 4044 succe-

281 4085 372 4149 dunt.
403 4081 533 4145 Primus
554 4079 644 4144 venit
665 4098 740 4156 aer,
763 4079 818 4159 qui
841 4082 889 4142 est
910 4080 1024 4144 aether
1045 4079 1152 4143 minus
1172 4100 1273 4162 purus
1295 4085 1327 4146 et
1338 4082 1451 4148 mixtio

281 4189 449 4269 utriusque
471 4184 622 4250 elementi
643 4183 747 4264 (Diog.
769 4183 877 4248 Laert.
899 4183 965 4247 VH.
989 4184 1079 4262 137);
1101 4203 1211 4250 aerem
1226 4186 1451 4270 excipitaqua.

282 4295 394 4360 Tertia
414 4291 560 4374 sequitur
581 4294 679 4354 terra.
710 4288 814 4354 Totus
835 4290 888 4355 hic
908 4290 1050 4356 mundus
1070 4290 1137 4355 sive
1159 4293 1239 4356 deus
1259 4291 1396 4358 libratur
1417 4295 1451 4358 in

281 4420 405 4479 vacu0,
438 4398 527 4481 quod
557 4395 718 4460 infinitum
751 4400 800 4461 est
821 4400 853 4462 et
873 4397 963 4461 illurn
984 4398 1129 4480 undique
1150 4397 1328 4464 circumdat
1349 4400 1451 4482 (Diog.
