3402 5056
822 524 841 588 h

199 695 203 702 ’
243 705 298 788 qui
319 708 466 786 tempore
488 704 681 769 recentiores
702 707 797 785 sunt,
826 723 926 786 quum
948 706 1095 772 doctrina
1115 726 1182 772 non
1203 707 1268 770 iam
1291 705 1415 772 illibata

241 813 324 874 esset
338 859 345 890 ,
366 810 425 874 sed
449 809 737 890 Peripateticorum
751 813 783 874 et
795 811 991 875 Academiae
1004 811 1154 876 instituta
1163 812 1311 876 nonnihil
1322 813 1410 892 apud

244 934 317 979 earn
348 915 513 986 valerent,
545 913 615 988 vel,
648 913 675 977 si
696 914 818 990 mavis,
843 934 944 996 quum
965 934 1078 980 omnes
1100 916 1167 981 fere
1188 916 1413 997 philosophiae

242 1019 390 1084 doctores
423 1038 462 1083 ea
495 1018 536 1083 de
566 1018 712 1082 moribus
734 1021 766 1082 et
787 1018 899 1082 officiis
920 1023 1096 1100 praecepta
1120 1022 1412 1100 amplecterentur,

242 1125 378 1206 quibuS,
400 1145 440 1188 ex
461 1124 552 1188 iustis
574 1123 753 1188 rationibus
775 1099 893 1188 mentis
914 1125 1080 1189 humanae
1101 1126 1228 1207 petitiS,
1250 1145 1415 1192 summum

242 1229 368 1294 bonum
390 1249 428 1294 ac
447 1231 622 1294 honestum
644 1229 795 1294 omnibus
817 1233 1022 1311 aequaretur.

258 1338 260 1342 ’
281 1334 388 1412 Quum
409 1353 487 1398 vero
510 1333 654 1400 Senecae
675 1334 796 1416 scripta
817 1335 937 1399 referta
957 1335 1022 1399 sint
1045 1336 1107 1400 hac
1122 1336 1327 1419 philosophia
1339 1339 1414 1403 uni·
1493 1411 1496 1416 Δ

244 1438 458 1503 versali-ut
480 1440 525 1503 ila
547 1439 652 1502 dicam
668 1475 714 1516 —,
736 1444 847 1504 tamen
869 1440 964 1504 nobis
984 1441 1128 1505 maximo
1151 1443 1223 1505 usui
1244 1446 1339 1522 sunt,
1362 1446 1414 1523 ut,

246 1563 330 1625 quae
351 1542 450 1608 Stoici
465 1545 494 1621 ¹>
513 1544 673 1609 senserint
694 1544 960 1626 scripserintque,
982 1547 1232 1626 perscrutemur.

283 1647 501 1729 Conspectum
532 1649 756 1730 philosophiae
788 1649 908 1713 stoicae
941 1669 958 1714 e
990 1650 1179 1731 fragmentis
1200 1649 1322 1732 ubique
1343 1652 1414 1716 sine

243 1753 357 1818 ordine
378 1753 502 1818 diffusis
524 1757 555 1817 et
577 1774 594 1817 e
611 1754 720 1817 multis
731 1753 973 1818 commentariis
985 1754 1177 1818 exhibituris
1187 1755 1274 1820 viam
1287 1756 1413 1838 egregie

243 1858 381 1922 munivit
401 1857 547 1938 Lipsius,
569 1858 619 1921 vir
640 1858 920 1940 splendidissimae
932 1858 1251 1924 doctrin'aeamultis
1262 1861 1414 1925 laudatus

243 1983 303 2028 nec
344 1982 503 2045 umquam
535 1965 622 2027 satis.
666 1963 727 2027 Hic
759 1964 828 2042 vir,
868 1965 918 2026 cui
950 1983 1152 2044 praenomen
1184 1969 1255 2029 erat
1285 1965 1414 2046 lustus,

242 2071 381 2133 exeunte
402 2070 509 2133 seculo
530 2069 618 2132 XVl⁰
639 2069 672 2132 in
694 2069 803 2150 Belgla
826 2068 944 2132 docens
966 2071 1069 2133 multa
1091 2071 1123 2134 et
1144 2070 1413 2135 excellentissima

241 2175 361 2256 scripta
382 2173 493 2238 edidit.

281 2279 318 2343 ln
354 2279 623 2357 „manuductione
655 2279 696 2343 ad
718 2279 853 2343 stoicam
875 2277 1133 2361 philosophiam’'
1157 2280 1245 2343 etin
1269 2280 1400 2362 ,physio

241 2384 343 2466 logia’'
378 2385 617 2450 accuratissime
653 2389 685 2449 et
717 2385 959 2466 diligentissime
991 2384 1148 2466 primaria
1179 2384 1274 2448 huius
1305 2390 1413 2450 sectae

241 2489 401 2571 principia
422 2491 611 2555 enucleavit.
640 2490 1028 2570 Solebantillotempore,
1051 2508 1115 2569 quo
1128 2489 1254 2570 Lipsius
1265 2489 1414 2572 florebat,

242 2595 303 2657 viri
324 2595 409 2658 docti
431 2596 522 2658 salva
543 2595 726 2659 reverentia
746 2594 808 2658 Stae
821 2594 998 2657 Ecclessiae
1018 2592 1138 2673 debita,
1159 2596 1303 2674 systema
1314 2595 1414 2676 quod-

241 2697 318 2762 dam
340 2699 524 2765 haereticae
545 2699 768 2781 philosophiae
790 2698 951 2780 amplecti.
982 2697 1226 2762 Protitebantur
1248 2701 1336 2763 enim
1359 2700 1413 2764 alii

240 2803 338 2869 aliam
360 2805 618 2887 philosophiam,
641 2805 795 2883 stoicam,
816 2804 1079 2886 peripateticam,
1102 2802 1332 2869 academicam.

281 2911 354 2974 Non
385 2910 464 2974 mihi
496 2914 544 2974 est
576 2911 779 2993 propositum
803 2910 888 2973 vitas
910 2929 948 2973 ac
970 2928 1077 2973 mores
1099 2908 1297 2990 singulorum
1318 2910 1414 2975 huius

241 3019 348 3080 sectae
380 3015 523 3096 capitum
544 3016 637 3080 vobis
659 3015 849 3080 describere.
893 3015 956 3079 Eos
977 3017 1106 3079 tantum
1127 3015 1214 3079 locos
1236 3017 1414 3097 attingam,

242 3121 297 3203 qui
329 3121 372 3186 ad
395 3121 580 3186 universam
601 3123 783 3186 Stoicorum
805 3121 965 3185 rationem
987 3120 1093 3184 facere
1114 3120 1306 3199 videantur,
1335 3141 1413 3186 narn

243 3227 402 3306 expressis
432 3228 540 3292 verbis
571 3229 724 3314 lectorem
747 3226 942 3290 benevolum
965 3226 1148 3305 admone0,
1170 3228 1206 3288 ut
1228 3225 1413 3290 meminisse

241 3331 338 3407 velit,
371 3350 445 3410 eos,
478 3333 532 3414 qui
558 3333 654 3415 primi
686 3335 829 3413 systema
850 3331 986 3395 stoicum
1010 3330 1293 3411 excogitaverunt,
1325 3332 1413 3396 nulla

242 3435 363 3516 scripta
383 3436 568 3518 reliquisse,
590 3456 744 3519 neque-
758 3440 794 3500 ut
816 3456 855 3500 ex
876 3436 986 3499 multis
998 3437 1166 3499 auctorum
1178 3435 1413 3518 locisliquet—

242 3542 347 3606 ubivis
369 3541 453 3605 inter
474 3563 509 3606 se
530 3542 739 3606 consensisse.
772 3541 881 3618 Quare
903 3540 1083 3622 disquisitio
1105 3540 1200 3604 valde
1222 3541 1413 3622 impeditur,

242 3666 280 3711 eo
302 3647 426 3727 magio,
447 3647 536 3729 quod
557 3648 660 3711 mulla
682 3647 856 3712 enunciata
877 3647 978 3711 stoica
1000 3665 1070 3710 esse
1087 3645 1310 3726 perhibentur,
1329 3665 1413 3728 quae

242 3750 443 3830 nesciamus,
477 3751 527 3816 cui
557 3751 653 3816 huius
683 3752 812 3816 scholae
833 3750 970 3832 principi
992 3749 1208 3814 adscribenda
1228 3750 1301 3814 sint.
1334 3751 1412 3814 Des-

242 3854 426 3938 perandum
446 3855 522 3919 indo
545 3861 612 3935 cst,
635 3857 703 3920 lore
726 3858 760 3920 ut
782 3875 938 3937 umquam
961 3875 978 3918 e
1001 3855 1142 3918 fontibus
1165 3859 1307 3935 eruatur,
1330 3875 1413 3937 quae

242 3960 378 4042 quisque
399 3958 580 4024 Stoicorum
596 3961 716 4041 placita
728 3961 966 4041 excogitaverit,
989 3959 1159 4038 addiderit,
1183 3960 1412 4041 repudiaverit.

241 4068 278 4131 ln
300 4085 338 4130 eo
361 4065 651 4147 acquiescendum,
673 4066 699 4129 si
722 4086 761 4129 ex
783 4066 942 4145 indigesta
957 4065 1120 4128 leremole
1132 4083 1172 4129 ea
1183 4064 1414 4145 collegerimus

242 4190 327 4254 quae
348 4190 415 4234 non
437 4170 478 4235 ab
500 4171 630 4251 ingenio
652 4172 822 4235 universae
844 4171 1010 4234 doctrinae
1032 4170 1208 4234 abhorrere
1229 4169 1412 4234 videantur.

242 4277 379 4342 Constat
410 4276 498 4356 apud
529 4275 680 4358 antiquos
701 4277 825 4340 nullam
846 4276 988 4356 scholam
1012 4279 1044 4339 et
1065 4275 1248 4339 universam
1271 4274 1413 4355 philoso-

242 4382 354 4464 phiam
386 4385 418 4446 et
450 4381 591 4462 singulos
624 4381 692 4445 eius
725 4385 834 4463 partes
866 4385 933 4445 tam
966 4385 1114 4446 accurate
1136 4383 1292 4445 tractasse
1313 4398 1412 4462 quam
