3402 5056
831 513 850 576 o

254 691 402 774 allegabo
422 693 626 773 Pyrrhonem
648 692 710 772 (111.
734 693 784 768 at)
806 692 1021 755 scribentem:
1043 690 1141 755 Stoici
1158 709 1196 755 ex
1209 691 1426 756 indifferenti·

254 798 315 861 bus
337 799 401 863 alia
422 798 514 863 aiunt
535 801 711 875 προηγμένα
734 797 752 861 i.
766 818 791 862 e.
814 803 965 878 promota
976 797 1044 860 sive
1055 797 1252 878 praeposita,
1274 796 1428 860 31136333-

254 903 431 980 πρεηγμένα
453 903 471 967 1.
485 923 512 967 3.
534 905 662 967 remota
682 904 749 966 sive
769 903 898 967 reiecta.
931 903 970 966 Et
991 901 1045 966 illa
1068 921 1147 981 esse,
1169 921 1253 982 quae
1266 901 1427 966 sufficien-

253 1012 322 1073 tem
353 1008 477 1072 habent
507 1008 718 1087 dignitatem,
746 1009 779 1070 ut
803 1008 996 1084 sanitatem,
1019 1005 1158 1070 divitias.
1178 1007 1244 1071 Ista
1263 1007 1428 1086 (reiecta),

254 1132 339 1194 quae
370 1131 437 1176 non
468 1112 592 1176 habent
627 1112 842 1177 sufficientem
874 1111 1085 1192 dignitatem,
1117 1114 1154 1175 ut
1179 1114 1427 1192 paupertatem,

254 1218 415 1280 morbum.
447 1217 570 1280 Neutra
592 1218 722 1293 autem,
744 1220 780 1279 ut
802 1219 850 1280 est
875 1215 1050 1279 extendere
1073 1215 1208 1296 digitum
1231 1218 1287 1280 aut
1298 1219 1428 1281 contra·

254 1322 384 1396 113331).
426 1322 473 1385 113
507 1320 691 1384 discrimine
722 1321 806 1384 inter
838 1341 959 1384 sortiere
991 1323 1023 1383 et
1054 1326 1209 1402 oppetere,
1240 1322 1365 1386 reticere
1396 1325 1429 1386 et

253 1429 366 1510 supere
387 1426 572 1490 conferatur
592 1425 654 1489 Cic.
668 1424 860 1489 definrvc
882 1425 996 1500 3199).
1029 1424 1145 1488 Ρ33313
1156 1425 1263 1488 verbis
1274 1426 1321 1490 ita
1331 1445 1382 1490 res
1392 1447 1427 1490 se

254 1532 377 1595 habet:
400 1531 515 1606 Stoici,
540 1532 617 1612 quin
641 1531 738 1593 etiam
761 1529 891 1610 sapiens
913 1549 1026 1592 eorum
1053 1533 1295 1594 consummatus
1306 1532 1427 1613 capotii,

255 1644 339 1719 optat
359 1637 482 1700 bonum
505 1637 514 1699 i
537 1657 563 1700 e.
586 1638 760 1712 virtutem,
783 1637 866 1717 sopit
888 1634 1030 1711 malum3
1051 1633 1184 1715 bipartit
1198 1635 1426 1714 indifferentia,

254 1761 393 1823 quorum
415 1743 506 1822 lepit,
529 1743 625 1804 sumit
647 1741 835 1815 commoda,
859 1741 974 1817 rei-icit,
996 1740 1127 1803 secernit
1138 1740 1346 1804 incommoda
1358 1741 1426 1806 sive

255 1847 384 1912 reiecta.
416 1847 622 1928 Quamquam
657 1846 784 1910 Stoicus
821 1845 901 1909 alias
922 1864 974 1907 res
998 1848 1148 1908 externas
1170 1845 1240 1908 aliis
1262 1846 1425 1924 praefert,

254 1954 453 2017 tamennon
476 1953 555 2016 alias
578 1951 717 2031 expetit,
743 1951 822 2014 alias
843 1950 932 2030 fugit.
966 1949 1048 2013 Sunt
1059 1953 1187 2014 tantum
1199 1951 1425 2030 indifferentia,

255 2060 290 2120 ut
311 2076 407 2120 verus
432 2058 562 2138 sapiens
586 2091 622 2100 -
644 2057 715 2120 dico
737 2059 998 2120 consummatum
1019 2057 1109 2119 illum
1136 2091 1160 2100 ··
1194 2075 1235 2119 ne
1256 2055 1425 2119 minimam

255 2161 386 2243 quidem
409 2181 543 2242 operam
565 2162 620 2226 det
642 2161 702 2225 iltis
725 2160 914 2242 expetendis
936 2162 987 2226 vel
999 2161 1168 2242 fugiendis.
1190 2161 1225 2224 Si
1236 2160 1427 2241 contingant

254 2267 282 2330 ei
314 2287 366 2330 res
396 2268 578 2343 secundae,
612 2267 770 2348 agedum,
803 2269 912 2331 utetur
942 2267 1001 2346 iis,
1036 2267 1082 2331 ita
1103 2270 1140 2330 31
1161 2266 1326 2331 advitam
1347 2267 1426 2330 nihil
1507 2331 1512 2346 ,

255 2371 462 2452 pertineant3
486 2371 574 2452 quod
596 2372 755 2452 acceperit
776 2391 843 2434 non
867 2371 1074 2436 referendum
1096 2374 1144 2434 est
1165 2371 1198 2434 in
1219 2372 1327 2450 bona,
1347 2379 1425 2434 nam

254 2495 357 2540 unum
377 2479 505 2541 tantum
527 2478 650 2540 bonurn
674 2480 740 2541 est:
772 2477 883 2541 virtus.
926 2477 1050 2554 Quodsi
1071 2477 1100 2540 ei
1122 2475 1271 2540 accidant
1292 2495 1344 2540 res
1366 2476 1425 2539 ad·

252 2602 376 2662 versae,
409 2601 464 2646 eas
496 2601 625 2663 quoque
648 2583 781 2663 accipiet
795 2601 908 2664 aequo
931 2582 1061 2658 anim03
1093 2601 1170 2644 nam
1193 2601 1244 2645 res
1266 2581 1424 2646 adversae

252 2707 319 2752 non
350 2692 426 2752 sunt
457 2688 564 2767 mata,
596 2688 614 2749 i.
638 2707 663 2750 e.
687 2707 753 2750 non
785 2687 953 2768 oppositae
985 2689 1061 2750 sunt
1083 2687 1139 2750 uni
1163 2687 1272 2750 bono:
1303 2685 1424 2749 virtuti.

252 2794 346 2858 Tunc
377 2797 526 2866 tantum,
558 2812 658 2873 quum
692 2793 720 2856 ei
753 2792 883 2856 dabitur
918 2793 1029 2856 electio
1062 2793 1146 2856 inter
1178 2812 1229 2856 res
1260 2790 1433 2855 secundas·

251 2904 284 2964 ot
315 2901 488 2978 adversaS,
519 2899 589 2962 illas
620 2902 818 2980 praeponet,
853 2898 912 2961 has
943 2900 1138 2979 postponet,
1169 2896 1346 2961 dummodo
1381 2915 1422 2960 ne

251 3005 465 3086 prohibeant,
497 3004 671 3086 quominus
691 3004 844 3068 virtutem
867 3006 1010 3085 appetat.
1045 3003 1167 3068 Omitto
1199 3003 1351 3067 hocloco
1373 3001 1421 3065 di·

250 3110 391 3174 visiones
412 3113 444 3173 et
465 3109 652 3174 discrimina
673 3109 803 3172 subtilia
825 3109 988 3172 bonorum
1010 3111 1041 3172 31
1053 3109 1319 3189 adiaphororum,
1338 3126 1422 3189 quae

251 3215 377 3296 Lipsius
410 3194 525 3278 diffuse
558 3216 590 3277 et
618 3215 688 3280 luce
711 3213 827 3276 clarius
850 3213 997 3277 edisserit
1017 3214 1050 3276 in
1072 3213 1298 3278 dissertatione
1319 3212 1372 3276 93⁰
1392 3215 1424 3276 et

251 3320 304 3384 111
339 3320 460 3383 1113311)ἰ
486 3319 759 3384 manuductionis.

290 3425 379 3489 Talis
412 3424 512 3490 animi
543 3428 666 3502 status,
699 3443 763 3505 quo
796 3425 896 3488 utitur
928 3425 1027 3488 homo
1060 3425 1164 3488 solum
1186 3427 1301 3505 petens
1321 3442 1423 3488 unum

250 3529 373 3593 bonurn
405 3529 424 3594 i.
448 3551 475 3595 e.
507 3531 680 3608 virtutem,
712 3549 811 3610 quum
845 3529 974 3593 animus
1006 3532 1038 3593 et
1058 3549 1152 3594 mens
1174 3529 1308 3593 omnino
1329 3529 1423 3593 nullis

249 3636 347 3698 rebus
370 3639 637 3715 commoventur,
659 3655 780 3699 nomen
804 3634 1076 3718 habetapathiom
1095 3633 1150 3715 ¹⁰).
1172 3634 1263 3698 Haec
1273 3653 1335 3697 vox
1347 3653 1423 3716 pro·

249 3739 319 3823 prie
340 3739 500 3820 signifieat
519 3739 724 3805 vacationem
747 3739 893 3804 omniurn
915 3739 1110 3817 affectuum3
1137 3742 1186 3802 est
1206 3738 1302 3820 igitur
1319 3741 1423 3802 status

249 3845 412 3927 perfectae
423 3846 669 3927 temperantiae,
681 3865 766 3926 quae
777 3863 952 3908 omnesres
963 3844 1024 3908 sibi
1036 3843 1196 3925 subjectas
1207 3843 1315 3909 habet.
1327 3842 1424 3907 Hunc

248 3951 345 4032 igitur
357 3950 454 4015 finem
468 3953 587 4034 adepto
600 3951 697 4015 Stoici
710 3970 831 4015 nomen
842 3951 1012 4034 sapientem
1024 3949 1173 4028 induunt,
1186 3968 1286 4030 quum
1298 3965 1422 4027 omneS,

249 4058 304 4140 qui
323 4057 386 4122 alia
397 4061 513 4140 petunt
523 4062 653 4140 praeter
666 4076 765 4121 unam
780 4057 941 4133 virtutem,
954 4075 1076 4120 nomen
1091 4056 1236 4119 habeant
1246 4055 1422 4118 stultorum.

248 4165 344 4243 Quod
364 4166 481 4242 hom0,
505 4164 560 4246 qui
582 4163 734 4226 virtutem
757 4162 1006 4226 solumbonum
1029 4160 1194 4241 agnoscit,
1214 4159 1344 4241 sapiens
1367 4177 1421 4222 vo·

250 4275 360 4350 eatur,
392 4269 539 4351 sequitur
560 4288 579 4332 a
602 4267 735 4332 notione
757 4267 847 4349 ipsa,
870 4285 971 4348 quam
996 4265 1094 4329 Stoici
1115 4263 1226 4328 virtuti
1238 4263 1411 4327 subiiciunt

288 4376 360 4440 tam
393 4377 469 4440 ante
492 4371 721 4439 annotavimus
744 4371 896 4437 virtutem
919 4370 1057 4434 eandem
1079 4389 1149 4434 esse
1170 4388 1269 4452 quam
1290 4368 1420 4449 sapien·

940 4578 1138 4624 „a-
