3382 5056
814 551 853 616 52

248 749 452 812 quorumque
484 730 633 810 exempla
663 731 757 796 nobis
789 731 892 796 multa
913 733 1007 794 sunt:
1030 749 1091 795 nec
1112 731 1155 795 ad
1177 729 1339 795 rationem
1362 729 1420 795 sed

249 835 292 899 ad
313 833 558 898 similitudinem
578 833 736 898 vivimus”
758 839 817 901 cet.
840 836 929 916 (Sen.
951 835 991 900 de
1012 835 1069 899 vit.
1089 835 1176 900 beat.
1199 835 1239 912 1).

293 937 385 1016 ,ideo
406 958 598 1021 peccamus,
620 939 697 1021 quia
718 939 759 1004 de
780 940 928 1021 partibus
949 939 1036 1004 vitae
1057 959 1171 1004 omnes
1190 938 1420 1018 deliberamus,
1515 941 1517 947 ’

249 1043 290 1109 de
320 1046 389 1109 toto
421 1062 518 1108 nemo
550 1044 716 1109 deliberat·
741 1045 829 1110 Scire
843 1045 959 1124 debet,
982 1044 1061 1126 quid
1081 1047 1174 1125 petat
1194 1044 1266 1123 iiie,
1288 1043 1344 1125 qui
1365 1062 1419 1107 sa·

249 1147 363 1229 gittam
383 1148 453 1212 vuit
473 1148 621 1213 mittere:
645 1153 676 1213 et
697 1152 775 1213 tunc
796 1149 954 1230 dirigere,
977 1152 1009 1214 et
1020 1149 1183 1214 moderari
1195 1167 1298 1213 manu
1310 1148 1420 1213 telum.

249 1255 361 1317 errant
381 1253 515 1318 consilia
535 1256 665 1324 nostra,
688 1254 765 1336 quia
787 1265 855 1319 non
876 1253 1009 1332 habent,
1031 1253 1298 1336 quodirigantur.
1327 1253 1420 1334 Igno-

248 1357 353 1435 ranti,
369 1426 371 1430 ,
389 1377 487 1440 quem
518 1361 648 1438 portum
681 1361 790 1439 petat,
823 1358 929 1422 nullus
950 1377 1027 1422 suus
1047 1361 1164 1424 ventus
1186 1360 1244 1422 est.
1284 1356 1423 1422 Necesse

250 1466 299 1526 est
329 1462 468 1525 multum
502 1463 535 1526 in
567 1462 635 1527 vita
662 1465 774 1527 nostra
809 1481 901 1526 casus
933 1462 1052 1542 possit,
1076 1462 1154 1544 quia
1173 1462 1313 1527 vivimus
1334 1481 1421 1526 caso.

250 1565 452 1644 Quibusdam
495 1569 603 1632 aulem
647 1567 772 1654 evenit,
815 1570 850 1631 ut
889 1567 1052 1650 quaedam
1083 1567 1165 1631 scire
1198 1587 1233 1632 se
1265 1566 1421 1633 nesciant.

251 1671 535 1749 Quemadmodum
577 1672 764 1754 quaerimus
795 1692 894 1755 saepe
927 1690 1001 1751 θοε,
1034 1691 1107 1736 eum
1138 1672 1256 1755 quibus
1278 1675 1421 1736 stamus:

251 1779 297 1840 ita
327 1777 520 1858 plerumque
551 1776 651 1841 finem
682 1777 802 1841 summi
823 1777 901 1842 boni
923 1777 1110 1858 ignoramus
1132 1777 1338 1859 appositum
1359 1795 1420 1840 nec

250 1882 359 1946 multis
388 1881 515 1959 verbim
547 1900 607 1946 nec
637 1882 772 1972 circuitu
800 1883 915 1963 longo,
937 1881 1016 1963 quid
1040 1881 1081 1960 sit
1101 1901 1265 1948 summum
1286 1882 1420 1960 bonum,

252 1985 398 2066 colliges:
432 1985 551 2067 digitu,
583 1992 619 2050 ut
640 1987 687 2051 ita
718 1987 844 2066 dicam,
877 1987 1170 2051 demonstrandum
1202 1990 1269 2067 est,
1301 2005 1361 2051 nec
1388 1987 1422 2051 in

251 2091 356 2155 multa
377 2091 606 2170 spargendum.
639 2090 724 2168 Quid
745 2092 831 2156 enirn
855 2092 987 2156 adrem
1008 2091 1169 2171 pertinet,
1191 2090 1226 2154 in
1247 2091 1423 2172 particulas

253 2194 331 2260 iilud
354 2195 532 2259 diducere?
566 2195 648 2260 Cum
669 2197 773 2276 possis
794 2197 920 2275 dicere,
942 2215 1106 2260 summum
1127 2195 1251 2260 bonum
1265 2198 1322 2274 est,
1335 2195 1423 2276 quod

253 2301 428 2365 honesturn
451 2303 518 2364 est:
547 2302 655 2365 cetera
675 2300 758 2367 falsa
779 2304 811 2366 et
832 2301 1015 2366 adulterina
1036 2301 1124 2366 hona
1144 2301 1240 2364 sunt'’
1262 2304 1321 2366 cet.
1334 2300 1421 2378 (Sen.

252 2424 302 2486 ep.
325 2405 386 2484 71).

294 2510 537 2590 ,Proponamus
558 2514 687 2591 oportet
708 2510 806 2576 finem
829 2511 946 2576 summi
969 2511 1066 2590 boni,
1089 2511 1129 2575 ad
1152 2530 1250 2594 quem
1268 2511 1422 2588 nitamur,

252 2613 295 2678 ad
327 2633 425 2697 quem
457 2632 554 2678 omne
585 2615 707 2680 facturn
739 2621 886 2680 nostrum
918 2617 1106 2698 dictumque
1131 2616 1302 2698 respiciat:
1324 2615 1422 2680 veluti

250 2717 480 2799 navigantibus
502 2719 545 2784 ad
567 2720 698 2803 aliquod
719 2721 807 2784 sidus
831 2720 1018 2803 dirigendus
1040 2724 1089 2786 est
1110 2740 1233 2785 cursus.
1256 2720 1332 2785 Vita
1352 2720 1422 2785 sine

250 2823 416 2903 proposito
438 2842 522 2905 vaga
543 2826 610 2889 est”
634 2825 722 2906 (Sen.
745 2845 795 2906 ep.
817 2824 879 2907 95).

292 2927 479 2993 Simiiiimus
511 2932 560 2994 est
591 2930 707 2994 stultus
729 2933 840 2994 noster
861 2929 1057 2995 adulencens
1078 2930 1136 3009 iis,
1162 2929 1234 3012 ,qui
1256 2929 1325 2994 sine
1345 2947 1422 3010 pro·

250 3033 356 3114 posito
378 3036 558 3113 vagantur,
581 3038 775 3116 quaerentes
797 3033 947 3116 negotia3
970 3053 1030 3100 nec
1051 3053 1137 3117 quae
1158 3033 1421 3111 destinaverunt,

251 3141 360 3219 agunt,
382 3138 494 3203 sedin
516 3158 601 3221 quae
624 3139 848 3204 incurrerunt”
868 3139 958 3218 (Sen.
980 3139 1020 3204 de
1039 3142 1145 3221 tranq.
1159 3157 1210 3202 an.
1225 3139 1285 3218 tt),
1307 3157 1422 3221 quam-

252 3262 351 3324 quam
372 3263 438 3308 non
460 3246 564 3309 nescit
584 3263 651 3308 non
677 3245 900 3326 ,extempore'’
923 3264 994 3310 esse
1014 3245 1211 3323 vivendum,
1243 3245 1301 3309 sed
1328 3261 1422 3321 ,con-

250 3346 449 3427 venienter'’,
470 3349 559 3430 quod
581 3348 659 3431 quid
680 3349 858 3431 significet,
879 3349 953 3414 vide
975 3369 1046 3431 pag.
1068 3350 1088 3414 6
1108 3349 1139 3413 h.
1162 3349 1192 3413 d.

291 3452 343 3516 Vs,
375 3452 466 3531 63s6i2
498 3455 667 3535 comparat
697 3458 796 3536 poeta
828 3474 922 3532 eum,
955 3455 1010 3535 qui
1032 3457 1081 3518 est
1102 3472 1199 3534 aeger
1220 3453 1330 3531 animi,
1349 3470 1423 3516 cum

251 3556 368 3639 aliquo,
390 3557 446 3638 qui
470 3558 586 3622 morbo
607 3561 774 3639 correptus
797 3562 857 3623 est.
890 3557 988 3624 Cuius
1009 3557 1227 3622 similitudinis
1240 3557 1338 3622 Stoici
1351 3575 1422 3622 om-

253 3662 343 3726 niurn
365 3664 551 3742 temporum
573 3663 787 3727 amantissimi
810 3663 950 3760 suerunt,
974 3683 992 3726 θ
1012 3682 1041 3744 g.

292 3767 356 3832 Cic.
378 3769 457 3831 tuse.
479 3772 604 3849 quaest.
631 3769 679 3830 iV.
704 3768 823 3846 9-30;
846 3768 935 3850 Diog.
958 3769 1063 3833 Laert.
1088 3767 1152 3832 vu.
1176 3767 1254 3832 115:

293 3871 347 3949 „oie
368 3869 399 3931 δὲ
421 3871 545 3947 λέγεται
566 3895 630 3932 τινα
650 3871 697 3933 ἐπὶ
708 3878 760 3932 τοῦ
771 3873 915 3949 σώματος
928 3872 1162 3950 ἀρρωστήματα,
1175 3866 1242 3946 οἷον,
1259 3873 1421 3948 ποδαγραι,

250 3975 299 4039 καὶ
329 3975 506 4052 ἀρθρίτιδες·
540 3975 615 4037 οὕτω
635 3976 710 4041 cirri
731 3985 786 4046 τῆς
807 3982 911 4058 ψυχῆς,
934 3977 1094 4057 φιλοδοξία,
1118 3975 1168 4040 καὶ
1188 3977 1351 4056 φιληδονία,
1374 3976 1426 4040 καὶ

250 4079 291 4140 τὰ
312 4085 519 4156 παραπλήσια.
543 4081 583 4142 τὰ
604 4081 665 4158 γὰρ
686 4081 908 4160 ἀρρωστήματα
929 4080 993 4142 ἐστὶ
1015 4083 1130 4155 νόσημα
1153 4079 1234 4156 μετὰ
1255 4081 1420 4150 ἀσθενείας·

252 4183 288 4244 τὸ
320 4182 352 4245 δὲ
382 4187 497 4262 νόσημα
530 4187 618 4257 οἴησις
648 4187 762 4266 σφόδρα
793 4187 949 4256 δοκοῦντος
979 4191 1106 4261 αἱρετοῦ,
1139 4183 1196 4245 Καὶ
1229 4184 1267 4255 ὡς
1296 4183 1344 4246 ἐπὶ
1371 4193 1424 4245 τοῦ

252 4293 396 4367 σώματος
425 4289 624 4367 εὐεμπτωσίαι
655 4288 730 4360 τινὲς
755 4292 906 4368 λέγονται,
939 4285 994 4350 οἷον
1024 4289 1185 4367 κατάρρους
1217 4290 1266 4351 καὶ
1287 4291 1420 4367 διάρροια.

253 4395 327 4456 οὕτω
348 4393 421 4458 κάπὶ
443 4404 498 4466 τῆς
519 4401 612 4476 ψυχῆς
634 4397 701 4455 εἰσιν
722 4395 936 4476 εὐκαταφορίαι,
957 4390 1013 4454 οἷον
1033 4399 1169 4475 φθονερία
1194 4392 1422 4471 ἀνελεηριοσύνη,
