3382 5056
838 545 878 612 75

308 727 418 811 Pergit
449 727 629 810 Diogenes:
668 723 755 808 ,porci
779 720 811 787 δὲ
831 724 922 791 αὐτὴν
943 728 1088 789 κοινωνίαν
1108 721 1173 784 τινὰ
1195 711 1341 786 εἶναιτῶν
1361 721 1444 798 κατὰ

269 831 321 894 τὸν
341 832 420 909 βίον,
443 832 604 914 χρωμένων
624 833 707 909 ἡμῶν
727 839 788 901 ταῖς
809 835 901 910 φίλας
922 830 960 900 ὡς
980 829 1101 900 ἑαυτοῖς.
1125 828 1261 891 διἀὑτόν
1279 849 1313 890 τε
1331 828 1444 907 αἱρετὸν

268 936 320 999 τὸν
341 942 423 1017 φίλων
445 937 664 1019 ἀποφαίνονται,
687 936 737 1000 καὶ
757 935 812 1004 τὴν
833 939 1008 1017 πολυφιλίαν
1029 933 1184 1010 ἀγαθόν’.

309 1043 375 1109 Cic.
397 1043 438 1108 de
460 1043 553 1108 amic.
575 1042 637 1107 VI:
679 1042 735 1106 Est
757 1043 868 1106 autem
891 1039 1031 1106 amicitia
1052 1038 1132 1105 nihil
1154 1038 1262 1121 aliud,
1291 1038 1354 1105 nisi
1372 1057 1443 1105 om-

269 1148 362 1214 nium
393 1146 577 1213 divinarum
607 1148 893 1228 humanarumque
923 1165 1034 1210 rerum
1066 1163 1140 1209 cum
1161 1143 1391 1210 benevolentia
1412 1148 1446 1211 ct

275 1253 435 1319 charitate
456 1272 586 1317 summa
607 1251 796 1316 consensio:
817 1271 884 1333 qua
904 1249 1036 1332 quidem
1056 1249 1147 1315 haud
1167 1247 1233 1314 scio
1245 1268 1298 1329 an,
1310 1252 1446 1332 excepta

270 1358 450 1442 sapientia,
482 1358 661 1441 quidquam
693 1357 808 1422 melius
839 1355 964 1422 homini
995 1355 1036 1420 sit
1068 1374 1089 1419 a
1119 1355 1180 1420 diis
1206 1355 1445 1422 immortalibus

272 1463 415 1530 datum’'.
1252 1531 1253 1536 ,
1487 1453 1489 1458 ’

311 1567 374 1634 Cic.
397 1567 438 1632 de
458 1567 514 1633 fin.
527 1566 576 1632 Ill.
589 1567 700 1647 aliea:
722 1565 857 1631 minime
879 1585 957 1631 vero
977 1567 1137 1649 probatur
1157 1565 1234 1633 huic
1255 1564 1446 1648 disciplinae

270 1671 325 1754 (sc.
350 1671 564 1753 Stoicorum),
596 1672 638 1738 de
664 1692 731 1755 qua
751 1672 867 1754 loquor
886 1671 943 1750 (sc.
965 1672 1078 1753 Cato),
1110 1675 1169 1739 aut
1190 1670 1366 1737 amicitiam
1389 1673 1446 1738 aut

270 1777 427 1842 iustitiam
441 1781 575 1861 propter
586 1778 742 1844 utilitates
753 1777 864 1842 ascisci
876 1781 933 1843 aut
943 1778 1086 1858 probari.
1107 1777 1236 1844 Etenim
1247 1795 1309 1842 nec
1323 1776 1446 1845 iustitia

270 1900 331 1948 nec
353 1881 495 1950 amicitia
517 1902 588 1949 esse
608 1883 743 1948 omnino
763 1884 919 1965 possunt,
941 1883 1003 1948 nisi
1025 1903 1085 1966 per
1102 1902 1138 1947 se
1156 1884 1351 1965 expetantur
1364 1881 1424 1964 ⁵⁰).

312 1987 402 2053 Talis
434 1991 545 2054 autem
566 1987 708 2054 amicitia
728 1989 796 2053 tam
818 1986 925 2070 gravis
947 1990 1016 2053 tam
1037 1987 1182 2054 sublimis
1203 1987 1237 2052 in
1258 1987 1340 2068 hac,
1361 2006 1446 2071 quae

273 2111 333 2158 nos
354 2093 457 2158 nutrit
477 2096 587 2174 terra,
607 2112 675 2159 non
695 2092 866 2175 reperitur,
887 2111 964 2158 nam
989 2128 1027 2138 -
1044 2093 1157 2160 utiam
1169 2092 1398 2160 antevidimus
1411 2128 1446 2142 -

274 2217 455 2281 numquam
485 2197 547 2264 fuit
577 2198 708 2281 sapiens
739 2197 792 2264 ille
814 2201 1067 2264 consummatus.
1109 2197 1194 2277 Quid
1215 2197 1338 2280 igitur?
1358 2199 1448 2268 nulla

275 2306 325 2370 est
346 2303 488 2370 amicilia
510 2303 544 2368 in
565 2323 683 2386 genere
704 2302 878 2369 humano?
899 2303 965 2384 Est,
986 2303 1013 2368 si
1033 2322 1101 2368 non
1117 2302 1448 2384 summailla,saltem

278 2408 346 2474 alta
377 2412 410 2475 et
439 2408 598 2474 miranda.
640 2408 725 2474 Nam
755 2408 1033 2491 quemadmodum
1053 2408 1223 2490 homines,
1246 2427 1448 2493 quamquam

276 2514 437 2597 sapientia
457 2533 536 2580 vera
557 2533 594 2580 ac
615 2513 742 2597 integra
762 2514 800 2578 iis
821 2517 940 2596 negata
961 2518 1029 2596 est,
1051 2517 1163 2581 tamen
1183 2513 1218 2580 in
1238 2513 1357 2580 vicinia
1379 2514 1448 2581 eius

276 2623 364 2686 stare
384 2621 539 2703 possunt,
561 2620 608 2687 ita
629 2619 805 2686 amicitiam
827 2639 887 2701 pro
907 2620 1055 2710 humana
1074 2623 1169 2703 parte
1190 2620 1295 2686 colere
1316 2619 1354 2686 iis
1370 2640 1449 2687 con·

278 2745 404 2792 cessum
426 2728 493 2807 est,
516 2725 694 2791 dummodo
716 2725 750 2790 id
774 2745 877 2791 unum
898 2729 1031 2808 petant:
1053 2727 1206 2791 uirtutem.
1247 2726 1386 2792 Necesse
1400 2729 1450 2792 est

276 2851 378 2896 unum
409 2829 556 2896 habeant
586 2849 736 2913 scopum,
768 2850 833 2914 quo
866 2831 1086 2909 contendunt3
1121 2830 1226 2911 ,idem
1247 2831 1330 2896 velle
1351 2833 1450 2914 atquc

276 2937 363 3003 idem
384 2937 480 3018 nolle,
503 2956 543 3003 ea
564 2936 697 3002 demum
717 2935 813 3000 firma
824 2935 967 3002 amicitia
979 2937 1057 3017 est’,
1079 2936 1168 3019 quod
1176 2935 1247 3000 lieri
1255 2954 1322 3001 non
1333 2939 1450 3019 potest,

276 3042 338 3108 nisi
358 3041 461 3108 virtus
481 3041 522 3106 sit
542 3040 625 3105 finis.
661 3040 751 3118 ,Non
771 3043 879 3123 potest
901 3041 1053 3124 cuiquam
1070 3059 1201 3123 semper
1213 3039 1300 3106 idem
1311 3040 1451 3122 placere,

276 3147 338 3212 nisi
368 3147 506 3212 rectnm’'
538 3147 627 3224 (Sen.
649 3166 699 3228 ep.
721 3147 794 3226 31);
829 3145 872 3224 ,si
893 3145 943 3211 vis
964 3146 1081 3211 cadem
1102 3164 1232 3228 semper
1253 3145 1356 3226 velle,
1376 3166 1451 3212 vera

277 3255 406 3336 oportet
437 3251 536 3318 velis”
568 3251 656 3331 (Sen.
689 3271 738 3333 ep.
769 3252 834 3330 95).
875 3251 974 3333 Igitur
1007 3252 1072 3316 duo
1105 3250 1200 3317 amici
1227 3269 1295 3316 non
1316 3257 1452 3333 possunt

193 3411 196 3416 .
278 3357 421 3441 cogitari,
442 3356 504 3422 nisi
526 3357 625 3423 ambo
647 3376 750 3423 unum
773 3361 806 3423 et
826 3356 914 3422 idem
936 3356 998 3423 iter
1009 3356 1243 3439 ingrediantur,
1264 3356 1353 3438 quod
1364 3356 1453 3424 ducit

278 3463 321 3530 ad
341 3463 494 3528 virtutem
516 3462 584 3529 sive
606 3462 812 3545 sapientiam.

317 3568 413 3635 Hanc
432 3568 474 3634 ob
496 3588 567 3634 rem
587 3569 718 3634 Persius
741 3572 774 3634 et
796 3568 960 3634 Cornutus
982 3567 1145 3634 amicitiae
1165 3565 1301 3633 vinculis
1320 3566 1453 3650 obligati

280 3683 351 3741 esse
381 3677 569 3758 potuerunt.
611 3674 648 3739 ln
668 3674 729 3740 hos
749 3675 891 3756 perfecte
913 3674 1098 3758 quadrant,
1121 3692 1206 3757 quae
1227 3671 1354 3754 scripsit
1375 3671 1453 3738 olim

282 3779 407 3847 Seneca
438 3779 560 3846 Lucilio
591 3798 670 3845 suo:
698 3779 777 3845 Mihi
798 3799 876 3845 vero
895 3781 983 3845 idem
1005 3779 1155 3862 expedit,
1187 3778 1276 3862 quod
1296 3777 1375 3843 tibi:
1396 3780 1454 3845 aut

267 3906 346 3966 ,non
367 3906 441 3954 sum
463 3885 606 3966 amicus,
628 3885 690 3950 nisi
712 3885 871 3968 quidquid
891 3886 998 3968 agitur
1019 3885 1062 3951 ad
1082 3887 1115 3951 te
1136 3884 1320 3967 pertinens,
1342 3900 1454 3949 meum

282 3995 339 4058 est.
383 3990 590 4057 Consortium
622 4009 732 4056 rerum
758 3991 905 4056 omnium
924 3990 1009 4056 inter
1031 4008 1091 4055 nos
1112 3989 1189 4056 lacit
1210 3987 1371 4054 amicitia:
1393 4007 1453 4055 nec

214 4183 215 4186 Ἴ
281 4097 415 4165 secundi
436 4096 617 4180 quidquam
639 4096 772 4178 singulis
794 4100 862 4177 est,
883 4116 944 4162 nec
964 4094 1103 4161 adversi.
1130 4094 1168 4162 ln
1188 4094 1454 4160 communevivi·

280 4207 344 4272 tur.
373 4203 441 4271 Nec
461 4206 569 4284 potest
591 4202 766 4286 quisquam
787 4203 883 4269 beate
899 4202 1027 4284 degere,
1048 4200 1104 4284 qui
1114 4220 1149 4267 se
1160 4203 1289 4266 tantum
1299 4200 1455 4281 intuetur,

281 4308 337 4392 qui
368 4307 480 4377 omnia
500 4308 544 4375 ad
564 4308 720 4375 utilitates
740 4327 816 4374 suas
837 4307 1016 4373 convertit:
1043 4305 1137 4373 alteri
1156 4305 1248 4372 vivas
1269 4308 1406 4388 oportet,
1427 4304 1455 4372 si

282 4415 331 4486 vis
359 4414 419 4486 tibi
439 4415 560 4484 vivere.
601 4413 693 4483 Haec
713 4412 850 4483 societas
871 4413 1042 4500 diligenter
1063 4416 1096 4481 et
1117 4415 1229 4481 sancte
1250 4409 1457 4574 obscrraenda
