3402 5056
821 556 857 619 41

295 736 430 802 Audiuit
449 737 545 816 igitur
566 737 690 802 iuvenis
711 735 902 817 magistrum
923 737 1070 815 stoIcum,
1091 757 1151 802 neo
1172 738 1269 820 plane
1296 739 1428 821 ignarus

256 844 305 906 est
335 841 470 907 rationis
501 843 597 907 huius
630 844 758 919 sectae;
790 843 938 906 attamen
958 861 1025 907 nou
1046 843 1194 907 assiduus
1219 843 1349 909 auditor
1370 847 1428 909 est.

254 945 432 1028 Interdum,
453 946 537 1012 heu!
559 947 611 1011 vel
632 947 762 1028 saepius
783 947 1014 1028 voluptatibus,
1034 967 1116 1029 quas
1127 950 1431 1031 munduspraebet,

257 1069 292 1115 se
314 1051 415 1116 dedit.

296 1155 387 1220 Unus
409 1174 427 1219 e
449 1155 575 1222 iuvenis
596 1156 775 1233 comitibus
802 1175 876 1220 eum
888 1156 1063 1238 aliquando
1076 1157 1201 1222 invenit
1213 1159 1431 1224 dormientem

258 1262 291 1326 et
316 1261 449 1343 crapula
469 1260 624 1327 hesterna
644 1262 869 1339 laborantem,
891 1281 992 1343 quum
1014 1261 1134 1328 debeat
1155 1263 1201 1326 ire
1223 1265 1255 1327 in
1277 1265 1432 1329 scholam.

256 1365 478 1447 Expergefacit
500 1384 574 1430 eum
596 1368 629 1430 et
654 1367 695 1446 ad
718 1365 918 1430 auditionem
939 1377 1050 1431 secum
1071 1366 1168 1432 ducit.
1201 1368 1294 1433 Tunc
1315 1368 1432 1432 stultus

256 1473 368 1549 noster
388 1472 630 1549 stomachosus,
656 1470 744 1552 quod
765 1469 1011 1552 nihilintelligit,
1024 1490 1109 1552 quae
1121 1471 1286 1551 docentur,
1299 1492 1432 1540 omnem

258 1575 386 1658 culpam
408 1594 428 1640 a
447 1595 483 1640 se
505 1593 658 1640 amovere
680 1576 835 1653 conatur3
856 1577 1096 1656 atramentum,
1120 1577 1242 1657 charta,
1265 1581 1297 1642 et
1309 1579 1429 1661 omnia,

258 1699 343 1762 quae
364 1680 408 1745 ad
428 1681 575 1746 notanda
595 1679 741 1761 magistri
765 1680 866 1745 verba
879 1701 960 1762 opus
972 1684 1057 1761 sunt,
1080 1701 1155 1746 eum
1165 1682 1300 1748 tardant
1312 1683 1432 1750 scilicet

258 1789 291 1852 et
311 1785 345 1851 in
366 1784 462 1866 culpa
481 1787 566 1849 sunt.
598 1786 692 1850 Nunc
713 1791 771 1860 (vs.
796 1785 843 1859 15)
865 1788 963 1867 poeta
983 1785 1170 1867 indignatus
1192 1787 1226 1852 in
1247 1808 1322 1853 eum
1340 1789 1431 1854 iuve-

260 1891 348 1957 hitur
369 1893 402 1956 et
432 1890 611 1956 exclamat:

380 2043 440 2122 ,Ol
462 2044 579 2124 miser,
601 2044 700 2125 inque
722 2042 791 2108 dies
813 2044 897 2109 ultra
919 2044 1031 2110 miser!
1055 2045 1191 2111 huccine
1212 2066 1322 2114 rerum

377 2148 534 2214 Venimus
545 2151 580 2214 ?”

258 2311 291 2377 id
323 2315 391 2378 est:
422 2311 466 2378 O!
497 2313 596 2378 miser
628 2312 695 2378 iam
728 2331 766 2378 eo
793 2332 904 2378 rerum
926 2313 1102 2393 devenisti,
1126 2317 1162 2378 ut
1183 2314 1261 2395 talia
1292 2334 1432 2398 quaeras

260 2417 477 2496 deverticula,
498 2437 540 2482 ne
563 2418 687 2495 discas,
708 2419 748 2481 ut
768 2419 863 2483 malis
884 2418 1051 2500 indulgere
1072 2419 1311 2501 voluptatibus,
1333 2443 1433 2505 quam

259 2541 375 2605 urgere
405 2522 629 2604 occasionem,
661 2525 697 2586 ut
728 2523 813 2603 vita,
846 2526 916 2588 tam
937 2523 1055 2601 stulta,
1079 2543 1121 2587 ue
1143 2524 1248 2590 dicam
1270 2529 1376 2610 turpi,
1397 2532 1430 2594 te

258 2627 396 2710 liberes,
427 2633 459 2694 et
485 2629 601 2694 redeas
631 2629 673 2693 ad
700 2632 824 2693 rectam
845 2629 1087 2711 honestamque
1108 2629 1238 2696 vivendi
1260 2633 1431 2699 rationem.

259 2732 308 2798 O!
335 2732 453 2814 miser,
474 2734 500 2798 si
521 2735 628 2816 pergis
648 2734 757 2799 vivere
779 2737 816 2798 ut
835 2734 936 2814 vivis,
960 2753 1091 2799 necesse
1113 2739 1162 2799 cst
1183 2736 1306 2822 indies
1328 2740 1431 2821 magis

259 2838 428 2920 magisque
450 2839 599 2906 miseriae
619 2840 766 2930 pondere
787 2839 945 2904 obruaris,
983 2839 1044 2917 Qui
1072 2840 1247 2923 ,voluptati
1267 2844 1432 2911 tradidere

260 2943 438 3025 principia,
467 2949 605 3027 utroque
626 2964 769 3010 caruere.
803 2944 961 3010 Virtutem
983 2945 1071 3009 enim
1093 2945 1264 3012 amittunt:
1287 2952 1430 3016 ceterum

261 3068 327 3114 non
358 3049 419 3132 ipsi
451 3050 670 3132 voluptatem,
702 3051 760 3115 sed
791 3051 877 3133 ipsos
909 3049 1060 3131 voluptas
1091 3051 1210 3116 habet:
1251 3053 1342 3119 cuius
1374 3060 1431 3120 aut

260 3154 371 3238 iuopia
402 3160 614 3238 torquentur,
646 3161 703 3220 aut
730 3157 823 3238 copia
843 3155 1095 3235 strangulantur.
1137 3156 1265 3237 Miseri,
1289 3159 1317 3222 si
1338 3159 1431 3226 dese·

261 3264 378 3326 runtur
399 3261 440 3326 ab
461 3261 532 3326 illa:
553 3260 757 3338 miseriores,
778 3262 804 3326 si
826 3261 1009 3325 obruuntur
1030 3261 1117 3337 (Seu.
1130 3261 1171 3325 de
1183 3261 1250 3327 vita
1260 3263 1359 3329 beata
1371 3265 1431 3344 14).

301 3365 368 3432 Nec
387 3367 575 3432 mirandum
597 3369 646 3430 est
665 3366 830 3432 miseriam
842 3386 964 3444 eorum,
988 3366 1042 3448 qui
1054 3385 1120 3432 uon
1131 3367 1297 3449 frugaliter
1307 3368 1431 3451 viumt,

263 3470 317 3554 qui
339 3474 474 3537 externa
494 3473 611 3554 petunt
628 3471 869 3551 nonvirtutem,
889 3472 1004 3537 indies
1016 3492 1168 3554 crescere,
1190 3493 1268 3538 nam
1283 3493 1431 3553 ,necesse

262 3579 311 3642 est
341 3576 376 3641 in
406 3577 603 3642 immensum
634 3579 729 3642 exeat
761 3577 939 3658 cupiditas,
972 3596 1056 3658 quae
1087 3579 1272 3644 naturalem
1293 3580 1428 3646 modum

162 3720 165 3724 -
260 3681 419 3748 transiliit.
451 3682 509 3748 llla
531 3681 618 3746 euim
638 3682 739 3748 habet
758 3701 855 3747 suum
875 3682 995 3760 fiuem;
1025 3683 1156 3764 inania,
1180 3687 1273 3749 etex
1297 3684 1430 3752 libidine

262 3790 353 3869 orta,
384 3787 454 3852 sine
474 3786 614 3852 termino
645 3790 729 3853 suut.
770 3787 961 3853 Necessaria
992 3789 1125 3854 metitur
1154 3789 1294 3866 utililas;
1316 3809 1430 3872 super-

260 3911 365 3958 vacua
395 3912 460 3976 quo
491 3891 636 3973 redigis?
672 3892 900 3975 Voluptatibus
932 3893 1043 3976 itaque
1066 3913 1100 3958 se
1121 3897 1291 3975 mergunt,
1313 3897 1430 3978 quibus

261 3997 294 4064 in
316 3998 583 4064 consuetudinem
605 3997 753 4063 adductis
775 4017 885 4063 carere
905 4018 972 4064 non
994 4002 1148 4081 possunt:
1171 4001 1203 4064 et
1224 4001 1266 4064 ob
1286 4000 1349 4067 hoc
1368 4005 1430 4069 mi-

261 4106 387 4170 serrimi
416 4106 509 4179 sunt,
540 4104 628 4186 quod
660 4123 698 4168 eo
719 4103 932 4185 perveniunt,
961 4107 998 4168 ut
1019 4103 1099 4183 illis,
1122 4124 1206 4186 quae
1227 4125 1430 4187 supervacua

261 4209 410 4288 fuerant,
441 4209 528 4274 facta
559 4208 624 4274 sint
645 4209 839 4275 necessaria·
877 4208 1031 4274 Serviunt
1056 4209 1166 4292 itaque
1187 4211 1428 4297 voluptatibus,

261 4330 328 4380 nou
348 4314 517 4390 fruuntur,
542 4317 574 4379 et
594 4314 682 4379 mala
702 4332 779 4387 sua,
802 4314 1062 4397 quodmalorum
1075 4315 1225 4381 ultimum
1237 4319 1294 4397 est,
1308 4326 1430 4390 amant

261 4420 355 4489 Tunc
375 4422 485 4488 autem
503 4422 729 4487 consummata
751 4422 800 4486 est
820 4418 1010 4501 infelicitas,
1031 4418 1087 4486 ubi
1107 4421 1217 4507 turpia
1237 4440 1304 4490 non
1324 4425 1429 4496 solum
