3382 5056
814 521 855 586 44

252 702 314 769 hac
341 720 377 768 re
398 700 510 767 scribit
530 700 655 766 Seneca
676 701 709 766 in
731 719 780 782 ep.
801 699 873 764 44³:
909 697 960 777 ,Si
980 698 1059 790 quid
1080 698 1169 764 aliud
1190 701 1239 764 est
1261 699 1295 764 in
1317 698 1422 780 philo·
1478 689 1484 714 ⁸

254 805 370 887 sophia
400 805 498 881 boni,
530 806 593 871 hoc
614 808 681 885 est,
710 803 798 888 quod
818 807 994 869 stemmata
1014 822 1081 868 non
1102 802 1239 886 inspicit.
1281 803 1423 883 OmneS,

252 910 281 975 si
302 910 346 977 ad
365 911 506 992 primam
528 909 685 992 originem
706 911 919 988 revocemur,
941 928 962 974 a
985 907 1045 972 diis
1066 912 1179 973 sunt..
1194 951 1221 974 ..
1244 908 1323 986 Quis
1344 927 1421 990 ergo

253 1017 455 1096 generosus?
476 1014 519 1079 ad
549 1017 692 1080 uirtutem
723 1013 795 1079 bene
815 1034 836 1077 a
855 1019 974 1078 natura
994 1015 1186 1098 compositus.
1231 1013 1302 1078 Hoc
1323 1032 1426 1078 unum

256 1121 305 1183 est
335 1117 550 1197 inluendum;
580 1119 700 1200 alioqui
720 1119 747 1183 si
769 1118 812 1182 ad
832 1121 944 1183 vetera
964 1137 1118 1197 revocas,
1140 1137 1237 1182 nemo
1258 1137 1325 1182 non
1347 1117 1423 1183 inde

256 1226 324 1303 est,
346 1227 422 1288 ante
443 1223 533 1304 quod
554 1224 634 1289 nihil
655 1225 712 1287 est.
744 1223 774 1286 A
795 1223 899 1304 primo
920 1223 1034 1286 mundi
1055 1227 1148 1299 ortu,
1170 1243 1274 1305 usque
1296 1223 1422 1288 adhoc

254 1331 403 1410 tempuS,
425 1326 576 1409 perduxit
596 1346 656 1392 nos
678 1347 718 1392 ex
738 1326 916 1408 splendidis
926 1326 1130 1409 sordidisque
1142 1328 1303 1393 alternata
1314 1327 1424 1392 series.

253 1433 327 1500 Non
348 1432 425 1497 lacit
444 1432 587 1498 nobilem
610 1433 729 1497 atrium
749 1433 883 1515 plenum
897 1432 1031 1498 fumosis
1045 1433 1260 1515 imaginibus:
1282 1452 1380 1498 nemo
1392 1433 1426 1497 in

257 1540 404 1605 nostram
434 1538 571 1620 gloriam
601 1538 699 1602 vixit:
728 1557 788 1603 nec
809 1538 897 1621 quod
919 1541 995 1603 ante
1016 1557 1076 1602 nos
1097 1538 1177 1618 lull,
1198 1541 1347 1604 nostrum
1368 1541 1425 1603 esl.

255 1643 395 1708 Animus
419 1644 497 1717 facil
516 1643 647 1708 nobilem
659 1666 669 1706 :
699 1645 750 1707 cui
770 1663 808 1707 ea
828 1663 1020 1726 quacumque
1040 1643 1215 1708 conditione
1234 1664 1334 1728 supra
1349 1645 1426 1724 sor·
1468 1719 1483 1742 ¹

260 1753 370 1811 lunam
391 1747 460 1812 licet
479 1748 635 1831 surpere'’.
1458 1735 1466 1742 ’

294 1851 419 1929 Quibus
450 1852 553 1919 addas
588 1853 709 1930 ,Nemo
735 1853 837 1919 altero
859 1852 1018 1932 nobilior,
1040 1853 1102 1918 nisi
1123 1853 1175 1918 cui
1195 1853 1424 1934 rectius'inge·

257 1957 348 2022 nium
369 1960 401 2020 et
422 1956 546 2021 artibus
566 1957 661 2022 bonis
682 1957 798 2038 aptius.
841 1957 903 2035 Qui
924 1957 1081 2039 imagines
1102 1958 1136 2022 in
1158 1957 1240 2023 atrio
1256 1960 1383 2039 ponunt
1396 1960 1429 2022 et

256 2062 392 2127 nomina
411 2061 554 2127 familiae
575 2081 653 2127 suae
674 2062 770 2144 longo
792 2062 925 2141 ordine,
948 2081 986 2126 ac
1007 2062 1117 2127 multis
1137 2065 1348 2128 stemmatum
1366 2061 1426 2126 illi-

255 2171 343 2252 gata
363 2166 512 2240 flexuris,
544 2166 579 2232 in
609 2171 705 2248 parta
735 2166 841 2248 prima
873 2166 1003 2232 aedium
1031 2168 1209 2232 collocant:
1230 2168 1299 2232 noti
1320 2167 1424 2250 magis

255 2292 356 2355 quam
387 2271 512 2338 nobiles
542 2276 626 2337 sunt.
667 2271 758 2337 Unus
789 2272 936 2337 omnium
962 2291 1082 2354 parcns
1104 2273 1245 2337 mundus
1267 2277 1335 2338 est:
1356 2273 1425 2338 sive

256 2398 315 2461 per
335 2375 541 2460 splendidos,
563 2377 631 2441 sive
652 2396 711 2458 per
731 2376 879 2442 sordidos
900 2376 1040 2459 gradus,
1062 2376 1105 2442 ad
1125 2378 1212 2443 hunc
1232 2378 1339 2459 prima
1356 2378 1425 2444 cui·

258 2503 361 2567 usque
382 2482 472 2564 origo
493 2482 700 2564 perducitur’‘
722 2481 810 2562 (San.
832 2483 873 2547 de
893 2482 999 2547 benef.
1021 2483 1072 2548 lll.
1094 2483 1155 2559 u8).

295 2590 349 2655 Vs.
371 2589 418 2652 30.
454 2587 526 2666 ,Ad
541 2589 692 2673 populum
712 2588 868 2672 phaleras.
899 2587 967 2670 Epo
988 2594 1015 2651 a
1036 2589 1123 2652 intus
1143 2595 1171 2652 et
1191 2589 1226 2653 in
1247 2593 1314 2652 cute
1328 2588 1429 2668 nooi”,

254 2695 275 2759 i.
296 2713 323 2759 e.
355 2713 414 2775 per
444 2712 497 2758 me
527 2692 619 2773 licet,
650 2693 732 2758 haec
762 2695 905 2756 ostentes
935 2693 1066 2773 populo,
1098 2692 1154 2774 qui
1182 2693 1302 2758 talibus
1329 2693 1426 2758 rebus

256 2797 420 2865 detinetur
447 2818 486 2863 ac
505 2801 538 2863 te
558 2798 663 2864 virum
688 2816 844 2879 magnum
869 2797 1012 2862 habebit.
1052 2797 1104 2862 Me
1125 2801 1257 2878 tamen,
1278 2798 1334 2880 qui
1354 2817 1428 2863 sum

258 2904 433 2969 instructus
463 2902 689 2985 philosophia,
720 2920 787 2967 non
814 2901 973 2983 decipies,
995 2920 1073 2966 nam
1093 2902 1196 2983 probe
1217 2903 1302 2982 scio,
1325 2922 1424 2986 quam

258 3008 358 3074 miser
377 3007 418 3072 sil
438 3011 543 3072 status
564 3008 669 3073 intimi
690 3008 737 3073 tui
759 3007 858 3072 animi
880 3027 1035 3072 recessus.
1064 3007 1154 3086 ,Non
1176 3009 1263 3074 enim
1285 3009 1427 3074 colorem

259 3112 418 3193 vestium,
449 3114 568 3195 qulbus
596 3116 767 3195 praetexta
798 3132 935 3193 corpora
965 3115 1062 3193 sunt,
1083 3113 1245 3196 adspicio:
1267 3115 1367 3180 oculis
1389 3113 1430 3180 de

259 3217 392 3285 homine
423 3236 490 3283 non
522 3218 638 3295 credo:
669 3218 776 3283 habeo
807 3217 922 3282 melius
954 3217 1136 3300 certiusque
1164 3219 1295 3300 lumen,
1323 3237 1430 3303 quoa

259 3322 347 3388 lalsis
377 3341 455 3388 vera
486 3320 668 3388 diiudicem.
710 3321 820 3387 Animi
848 3322 993 3403 bonum,
1024 3323 1153 3389 animus
1181 3324 1347 3391 inveniat”
1369 3327 1429 3390 cet.

259 3427 350 3508 (Seu.
371 3426 413 3492 de
433 3427 500 3493 vita
519 3427 605 3493 beat.
627 3426 668 3504 b).

298 3531 419 3599 Coram
449 3531 565 3614 vulgo,
586 3531 741 3614 inquam,
767 3531 856 3614 quod
877 3531 1020 3613 speciem
1038 3537 1073 3598 et
1092 3535 1302 3617 splendorem
1324 3539 1430 3602 exter·

258 3657 339 3704 num
369 3637 566 3718 admiratur,
597 3636 660 3702 ista
680 3637 775 3702 iacta.
801 3635 888 3714 ,Hoc
908 3636 1097 3704 laboramus
1119 3660 1249 3707 errore:
1271 3642 1317 3708 sic
1337 3641 1431 3707 nobis

258 3742 456 3826 imponitur:
478 3740 567 3824 quod
587 3741 752 3806 neminem
775 3740 986 3808 aestimamus
1007 3763 1046 3809 eo
1068 3745 1157 3827 quod
1179 3750 1248 3828 est,
1269 3747 1328 3815 sed
1351 3747 1432 3814 adii·

261 3849 362 3915 cimus
383 3847 427 3912 illi
448 3851 481 3914 et
502 3865 560 3922 ea,
583 3845 699 3929 quibus
721 3846 900 3913 adornatus
922 3851 979 3912 est
1013 3850 1121 3932 Atque
1134 3871 1208 3917 cum
1219 3854 1308 3918 voles
1319 3872 1432 3919 veram

259 3953 401 4022 hominis
421 3951 682 4019 aestimationem
703 3950 800 4032 inire,
822 3954 854 4016 et
874 3952 956 4018 scire
968 3955 1073 4036 qualis
1084 3957 1135 4038 sit,
1157 3957 1282 4023 nudum
1293 3957 1432 4041 inspice;

259 4061 362 4142 ponat
391 4055 644 4140 patrimonium,
675 4060 778 4140 ponat
801 4056 959 4139 honores,
982 4063 1015 4125 et
1038 4061 1102 4127 alia
1124 4062 1275 4129 forlunae
1296 4063 1433 4130 menda·

261 4163 330 4230 cia:
352 4179 468 4244 corpus
489 4159 596 4244 ipsum
617 4165 734 4228 exuat:
757 4161 903 4228 animum
925 4162 1074 4246 intuere,
1098 4168 1203 4250 qualis
1223 4173 1433 4253 quantusque

259 4269 320 4349 sit,
342 4267 449 4334 alieno
469 4285 513 4333 an
534 4284 592 4332 suo
615 4267 772 4350 magnus”
793 4265 882 4348 (Seu.
917 4287 968 4352 ep.
991 4270 1030 4337 76
1050 4272 1084 4338 in
1104 4273 1193 4356 fine).

302 4372 370 4442 Nec
400 4372 481 4440 haec
502 4371 662 4456 neglenda
683 4375 776 4450 sunt,
808 4391 893 4460 quac
914 4379 1026 4444 monet
1048 4377 1225 4448 Annaeus:
1250 4379 1433 4462 ,Quemad-
