3382 5056
799 498 838 564 96

231 681 350 761 Bestii,
371 699 472 763 quum
494 681 664 745 exsecrant
685 677 1074 761 philosophoseGraecia
1084 678 1250 760 oriundos,
1261 680 1402 746 addunt:

230 786 325 853 Nunc
354 785 453 851 moris
485 787 534 851 est
564 785 691 849 Romae
722 783 811 849 laute
839 784 947 848 vivere
977 787 1009 849 et
1031 802 1221 850 consumere
1243 803 1341 866 opeS,
1364 804 1404 849 ex

232 910 297 974 quo
318 890 463 957 venitin
483 892 630 955 nostram
652 887 768 953 urbem
790 888 939 969 doctrina
959 887 1137 970 hodierna,
1160 908 1259 972 quam
1271 889 1403 972 sapien·

231 997 311 1062 tiam
331 998 450 1061 vocant
470 993 522 1059 isti
544 993 690 1076 magistri
711 992 847 1072 exotici,
870 1012 954 1076 quae
975 1012 1042 1058 non
1063 993 1226 1076 sapientia
1247 997 1305 1073 est,
1323 1012 1402 1059 narn

231 1103 311 1168 nihil
331 1101 365 1166 in
387 1121 427 1167 ea
448 1098 605 1165 acuminis
628 1102 661 1164 et
681 1098 802 1179 ingenii
824 1101 882 1163 est.
913 1098 957 1163 At
979 1098 1163 1164 mehercule
1184 1117 1252 1164 non
1273 1100 1332 1164 soli
1357 1099 1404 1165 di·

231 1206 332 1287 vites,
354 1206 434 1289 quin
455 1205 555 1271 etiam
577 1203 790 1269 sordidissimi
811 1204 922 1269 rustici
943 1203 1031 1269 cibos
1052 1204 1214 1287 simplices
1225 1189 1363 1271 miscent
1372 1208 1404 1271 et

232 1312 350 1378 vitiant
371 1309 585 1376 condimentis
605 1309 688 1374 varii
710 1308 856 1390 generis!

272 1417 325 1486 Vs.
344 1416 395 1481 51.
434 1413 507 1480 Non
530 1414 632 1494 adeo,
654 1413 781 1497 inquis,
803 1416 894 1479 tuam
915 1413 1143 1480 hereditatem.
1165 1413 1218 1480 Sic
1228 1415 1405 1499 respondet

231 1520 442 1603 heredipeta3
473 1538 551 1585 nam
571 1520 704 1584 veretur
724 1537 766 1584 ne
787 1518 899 1600 populi
920 1519 972 1584 vel
993 1518 1200 1600 imperatoris
1221 1519 1405 1586 inimicitias

232 1626 294 1692 sihi
327 1624 518 1704 contrahat,
549 1619 576 1688 si
603 1642 639 1688 se
661 1623 814 1689 ostendat
835 1622 989 1705 cupidum
1011 1641 1146 1705 eorum,
1167 1644 1252 1707 quae
1272 1624 1404 1692 Persius

233 1731 272 1796 iis
292 1733 427 1797 veturus
450 1730 507 1795 est.

272 1837 337 1902 Alii
367 1839 479 1902 tamen
501 1832 720 1915 coniungunt:
756 1833 846 1910 ,Non
867 1833 969 1913 adeo,
991 1834 1118 1917 inquis‘’
1141 1855 1215 1902 cum
1235 1854 1332 1901 versu
1352 1855 1404 1903 se·

233 1944 374 2025 quente,
396 1943 429 2005 et
448 1938 625 2004 verborum
645 1938 711 2002 vim
728 1935 818 2002 varie
829 1937 1095 2020 interpretantur.
1117 1939 1203 2018 Quid
1214 1940 1404 2022 significent,

233 2047 372 2130 ingenue
406 2045 511 2110 fateor
540 2062 594 2107 me
625 2060 692 2107 non
724 2041 911 2124 intelligere.
942 2043 1105 2126 Imprimis
1133 2065 1187 2111 me
1207 2049 1305 2112 vexat
1327 2066 1405 2128 ager

232 2151 285 2217 ille
306 2153 483 2216 exossatus

275 2257 329 2322 Vs.
350 2256 399 2321 61.
440 2253 502 2319 Hic
522 2272 635 2319 versus
656 2252 794 2335 praehet
813 2251 1010 2317 locutionem
1032 2255 1237 2336 allegoricam
1255 2257 1405 2338 desump-

237 2364 307 2427 tam
339 2379 359 2426 a
379 2360 483 2440 testo,
505 2358 557 2423 eui
577 2356 700 2423 inditur
723 2375 845 2422 nomen
866 2358 1132 2437 λαμπαδηὸρομῐα.
1164 2359 1290 2443 Duplex
1309 2361 1406 2428 huius

234 2484 345 2532 cursus
365 2465 463 2530 fuisse
484 2482 586 2546 genus
606 2463 731 2529 Krause
749 2463 925 2543 (Theogen.
942 2464 968 2556 l.
991 2482 1064 2545 pag.
1087 2465 1146 2529 219
1166 2471 1250 2548 sqq.)
1272 2469 1404 2534 auctore

233 2571 347 2637 lahnio
378 2570 491 2636 tradit.
530 2569 573 2634 Ni
603 2567 696 2633 fallor
728 2567 771 2632 ad
801 2568 864 2632 hoc
884 2586 986 2648 genus
1007 2572 1133 2650 spectat
1152 2589 1265 2635 versus
1285 2572 1404 2637 Persii:

234 2677 418 2759 complures
448 2674 582 2740 iuvenes
613 2672 656 2738 ab
683 2691 742 2738 ara
763 2671 951 2738 Promethei
971 2673 1005 2738 in
1025 2673 1204 2741 Academia
1224 2677 1268 2741 ad
1288 2677 1404 2742 urbem

235 2782 420 2848 decurrunt.
461 2781 553 2845 Unus
575 2796 688 2844 eorum
709 2780 814 2859 gestat
834 2776 939 2842 lacem
961 2795 1152 2861 accensam,
1174 2800 1315 2865 quacum
1337 2801 1403 2847 non

235 2888 393 2953 exstincta
404 2888 446 2953 ad
456 2904 590 2968 scopum
600 2884 771 2966 pervenire
784 2887 929 2948 conatur.
948 2883 1056 2949 Ceteri
1068 2904 1143 2950 eum
1155 2890 1405 2970 persequuntur.

235 2994 343 3074 Quum
374 2992 445 3075 quis
477 2995 588 3056 autem
619 3009 694 3054 eum
725 2991 890 3053 assecutus
919 2991 987 3069 est,
1008 2989 1112 3071 poscit
1134 2990 1258 3069 facem,
1280 2997 1316 3058 ut
1336 2993 1406 3074 ipse

236 3098 381 3165 defessus
401 3097 540 3162 invicem
561 3094 657 3160 tertio
679 3093 808 3172 tradat,
840 3094 896 3176 qui
918 3096 1055 3176 quarte,
1087 3095 1205 3161 deiude
1226 3097 1308 3162 alius
1330 3098 1405 3178 alii,

235 3203 340 3269 donec
370 3200 486 3285 aliquis
516 3199 619 3265 victor
647 3216 782 3281 scopum
804 3198 955 3278 attigerit.
987 3197 1165 3280 Comparat
1185 3205 1284 3283 poeta
1304 3204 1406 3268 vitam

235 3327 309 3374 cum
331 3306 588 3384 λαμπαδηὸρομία
609 3305 642 3367 et
661 3302 766 3367 facem
787 3319 861 3365 curn
882 3321 933 3366 res
953 3301 1112 3368 familiari.
1145 3306 1320 3386 Exverhis,
1333 3307 1405 3390 qui·

235 3413 297 3478 bus
315 3411 418 3477 ulitur
437 3409 587 3488 Persius,
619 3409 756 3488 apparet
777 3405 1005 3488 heredipetam
1027 3407 1093 3472 iam
1115 3409 1241 3491 longius
1263 3410 1405 3479 invitae

235 3519 291 3583 via
320 3533 527 3598 progressum
555 3531 626 3577 esse
649 3530 748 3595 quarn
771 3530 857 3576 eum.
897 3511 1050 3577 Fortasse
1072 3518 1168 3595 poeta
1190 3515 1239 3579 his
1259 3517 1407 3582 versibus

237 3623 378 3706 aliquem
410 3640 450 3685 ex
480 3617 672 3703 propinquis
692 3616 777 3695 suis,
804 3616 857 3679 vel
878 3615 977 3681 alium
998 3617 1092 3682 nobis
1113 3619 1258 3701 ignotum
1280 3622 1407 3688 heredi·

236 3731 365 3812 petam,
393 3725 448 3809 qui
482 3723 618 3804 cupidus
649 3724 720 3786 erat
750 3722 868 3802 poetae
900 3739 1020 3803 opum,
1051 3722 1182 3806 oblique
1210 3727 1407 3809 perstringit.

237 3831 409 3914 Quomodo
439 3848 491 3895 res
522 3848 557 3893 se
587 3826 729 3905 habeat,
761 3843 828 3890 non
848 3824 953 3890 rideo.
984 3825 1081 3892 Nulla
1101 3827 1326 3912 interpretatio
1348 3851 1408 3898 nec

237 3957 313 4004 mea
333 3954 394 4002 nec
421 3952 520 4019 quam
542 3932 596 3997 alii
617 3931 757 3998 afferunt
777 3929 857 3994 mihi
878 3929 973 3995 valde
994 3933 1111 4014 placet.
1150 3933 1259 4001 Verba
1279 3939 1312 4001 et
1332 3956 1407 4002 sen-

236 4043 340 4110 tentia
363 4041 502 4106 obscura
522 4040 618 4116 sunt,
639 4037 755 4102 saltem
776 4035 937 4100 videntur.

279 4147 333 4212 Vs.
364 4146 404 4210 63
434 4163 505 4228 sqq.
550 4141 641 4221 ,Non
670 4140 794 4224 patitur
816 4176 851 4186 -
874 4140 1037 4207 exclamat
1057 4142 1183 4210 Seneca
1207 4181 1242 4191 -
1266 4146 1407 4212 aviditas

242 4270 441 4337 quemquam
463 4268 534 4315 esse
555 4250 701 4329 gratum,
722 4264 903 4327 numquam
925 4246 1012 4312 enim
1029 4247 1199 4330 improbae
1210 4250 1297 4332 spei,
1320 4253 1409 4335 quod

240 4358 357 4439 datur,
379 4355 458 4422 satis
480 4352 548 4420 est”
569 4351 625 4431 (de
646 4351 720 4416 hen.
742 4350 761 4415 l.
782 4348 810 4415 Il
831 4369 857 4416 c.
878 4349 937 4426 27).
