3402 5056
746 1413 930 1480 CAPUT
961 1414 985 1480 i.

614 1654 802 1700 conspuimus
823 1653 961 1700 RATIONIS
982 1652 1117 1698 srolcua.

771 1882 965 1892 —-—

323 2062 540 2142 Aggredimur
560 2063 622 2126 hoo
643 2065 741 2144 caput
760 2061 919 2142 praefati,
942 2063 1032 2127 haud
1055 2061 1147 2126 facile
1169 2079 1238 2125 esse
1251 2060 1371 2125 stoicae
1382 2059 1455 2143 phi·
1540 2043 1542 2046 ⁵

284 2166 451 2248 losophiae
473 2170 681 2248 conspectum
704 2167 793 2232 dare.
1314 2170 1317 2175 '

323 2273 396 2336 Non
418 2273 506 2354 quod
527 2274 762 2337 assentatorum
784 2271 871 2336 vitae
893 2290 931 2336 ac
952 2290 1053 2354 opera
1075 2271 1219 2336 tenebris
1240 2273 1355 2351 operta
1372 2271 1456 2346 sint,

286 2377 386 2441 immo
407 2377 496 2442 nulla
516 2376 626 2442 schola
641 2376 909 2459 philosophorum
920 2377 1057 2441 stoicam
1069 2375 1234 2458 superavit
1249 2374 1456 2440 multitudine

284 2482 501 2561 asseclarum,
533 2482 622 2546 nulla
645 2481 741 2547 latius
761 2483 941 2563 pervagata
962 2485 1011 2547 est
1032 2482 1116 2546 inter
1137 2481 1287 2546 homines
1310 2481 1456 2546 omnium

284 2587 436 2651 ordinum
468 2590 501 2651 et
533 2589 687 2652 aetatum.
731 2585 779 2650 Ne
811 2587 962 2667 epicurea
993 2587 1124 2669 quidem
1145 2587 1275 2668 gloriari
1294 2588 1402 2669 potest
1422 2606 1457 2651 se

285 2695 333 2758 tot
366 2711 404 2756 ac
434 2694 543 2756 tantos
564 2691 736 2770 habuisse,
769 2691 824 2772 qui
845 2692 906 2756 sibi
928 2692 1156 2758 adhaererent.
1187 2691 1376 2773 Numquam
1397 2691 1458 2756 fuit

286 2797 537 2879 philosophandi
556 2796 640 2861 ratio
662 2796 744 2860 adeo
766 2796 931 2861 insinuata
951 2797 985 2861 in
1007 2797 1117 2863 omnia
1137 2797 1308 2863 hominum
1328 2796 1455 2872 studia,

285 2903 368 2966 adeo
389 2921 503 2966 omnes
521 2903 608 2966 artes
631 2901 879 2982 disciplinasque
902 2902 1072 2984 amplexa,
1093 2903 1210 2983 quibus
1230 2904 1396 2981 uteretur,
1418 2904 1455 2967 ut

285 3027 394 3072 rerum
416 3025 530 3071 causas
552 3009 650 3089 atque
673 3010 808 3070 eventus
829 3007 1039 3088 investigaret
1060 3008 1288 3089 probaretque.

325 3112 432 3189 Quum
454 3110 604 3193 Epicurei
625 3129 753 3191 semper
774 3110 808 3174 in
829 3111 932 3176 verba
953 3110 1098 3192 magistri
1119 3112 1274 3192 iurarent,
1295 3113 1456 3194 necquic-

286 3236 404 3298 quam,
426 3217 515 3298 quod
537 3216 639 3280 semel
658 3215 778 3280 dictum
792 3235 829 3280 ac
841 3218 949 3280 ratum
959 3216 1322 3298 habereturmutarent,
1333 3217 1457 3283 Stoicos

285 3341 413 3403 semper
436 3341 496 3386 sua
513 3320 577 3385 sibi
601 3321 720 3402 placita
740 3321 783 3385 ad
804 3320 974 3385 hominum
996 3321 1127 3402 ingenia
1137 3325 1386 3406 temporumque
1397 3343 1457 3405 op·

207 3499 209 3504 s
285 3427 503 3508 portunitates
538 3425 822 3489 accommodantes
854 3426 1022 3504 videmus,
1058 3429 1094 3490 ut
1126 3428 1301 3492 multorum
1322 3429 1457 3510 delapsu

286 3533 468 3597 seculorum
490 3530 570 3594 Stoa
590 3530 774 3594 recentibus
796 3529 974 3594 identidem
995 3529 1107 3595 formis
1128 3536 1372 3614 renasceretur,
1400 3535 1457 3599 ubi

284 3637 339 3701 vix
359 3635 497 3717 rigidam
519 3634 607 3698 illam
628 3638 776 3699 veterum
799 3635 981 3699 doctrinam
1003 3654 1170 3715 agnoscas

325 3742 369 3806 At
389 3741 441 3805 vel
462 3740 507 3804 sic
528 3743 640 3804 tamen
661 3739 751 3803 nulla
772 3738 954 3804 Stoicorum
976 3743 1096 3824 scripta
1117 3744 1188 3807 tota
1208 3745 1241 3807 et
1265 3742 1393 3824 integra
1414 3746 1457 3809 ad

285 3869 345 3913 nos
366 3846 604 3929 pervenerunt;
628 3844 708 3908 nihil
729 3843 892 3910 habemus
912 3847 974 3911 nisi
995 3848 1178 3928 fragmenta
1200 3848 1372 3929 quaedam,
1386 3849 1457 3930 pla·

286 3954 367 4033 cita,
390 3950 646 4031 disputationes,
668 3949 905 4015 controversias
927 3954 979 4018 vel
999 3952 1205 4032 reiectiones,
1227 3972 1312 4034 quae
1334 3952 1457 4032 Cicero,

285 4056 497 4135 PlutarchuS,
519 4054 572 4119 alii
593 4053 688 4118 nobis
708 4053 945 4136 prodiderunt3
965 4057 1111 4122 modicos
1131 4056 1276 4138 profecto
1297 4058 1402 4124 fontes
1414 4061 1457 4125 ad

287 4161 468 4227 doctrinam
490 4160 574 4224 adeo
594 4159 660 4223 late
681 4161 849 4240 patentem
871 4163 903 4225 et
923 4181 982 4242 per
1002 4164 1052 4227 tot
1074 4181 1235 4227 annorum
1251 4163 1368 4228 seriem
1380 4184 1457 4230 con·

285 4269 446 4333 tinuatam
467 4265 738 4347 pernoscendam.
844 4335 853 4354 ι

327 4373 507 4437 Auctorum
529 4371 703 4435 stoicorum
725 4370 810 4434 solos
833 4370 976 4438 Senecae
988 4374 1020 4437 et
1031 4372 1167 4455 Epicteti
1178 4373 1277 4440 libros
1287 4373 1457 4456 habemus,
