3382 5056
850 533 889 597 93

744 759 927 828 CAPUT
959 760 1009 827 Vl.

696 976 746 1023 ao
777 975 969 1022 sacroru
1000 954 1053 1022 Vl.

225 1186 228 1191 .
326 1135 431 1202 Huius
461 1136 581 1203 satirae
613 1137 842 1217 argumentum
873 1140 941 1203 est:
972 1156 1014 1202 ne
1035 1155 1173 1220 congere
1193 1154 1272 1219 opes
1293 1137 1460 1212 terrenas3

285 1240 358 1307 vive
379 1244 549 1307 contentus
569 1241 627 1318 im,
648 1259 734 1324 quae
754 1240 878 1321 habes3
898 1245 990 1309 utere
1012 1261 1072 1308 nec
1096 1242 1232 1310 abutere
1251 1259 1287 1306 re
1298 1238 1462 1306 familiari.

286 1345 377 1411 Haec
403 1345 487 1412 ratio
508 1364 575 1411 non
596 1348 758 1428 repugnat
778 1346 966 1430 disciplinae
987 1347 1129 1429 stoicae,
1160 1365 1245 1430 quac
1266 1343 1390 1411 nemini
1410 1343 1461 1409 in·

282 1449 431 1532 terdicit,
451 1450 626 1534 quominus
645 1452 758 1516 utatur
778 1450 876 1518 rebus
898 1452 986 1532 suis,
1011 1451 1192 1518 dummodo
1215 1468 1328 1517 earum
1349 1449 1391 1515 sit
1405 1449 1464 1516 do·

284 1555 412 1637 minus,
432 1574 499 1622 non
520 1575 643 1622 servus.

326 1661 378 1727 Vs.
403 1662 449 1726 10,
495 1662 554 1727 Gor
580 1661 661 1728 iubet
690 1660 746 1727 boc
766 1660 856 1728 Enni
876 1665 937 1729 cet.
968 1663 1030 1728 Hic
1050 1681 1163 1729 versus
1187 1660 1268 1728 mihi
1289 1678 1357 1726 non
1378 1659 1463 1726 refe·

287 1766 407 1833 rendus
438 1766 567 1832 videtur
598 1768 641 1833 ad
672 1766 915 1850 psychologiam
937 1767 1094 1847 stoicam,
1115 1770 1152 1834 ut
1172 1765 1320 1832 nonnulli
1339 1766 1463 1831 volunt.

288 1872 389 1938 Multo
408 1871 514 1954 magis
535 1875 585 1937 est
604 1891 697 1939 mera
717 1872 940 1955 metonymia,
961 1892 1048 1956 quac
1071 1873 1160 1939 nullo
1180 1872 1280 1938 modo
1300 1870 1465 1955 postulat,

288 1981 325 2044 ut
355 1976 479 2043 nodum
510 1996 708 2060 quaeramus
738 1976 773 2042 in
804 1977 921 2060 scirpo.
953 1977 1006 2044 Sic
1034 1979 1122 2045 hunc
1141 1995 1272 2043 versum
1293 1975 1464 2058 intellego:

288 2082 338 2150 lta
357 2082 480 2148 Ennius
501 2081 644 2166 loquitur
665 2102 705 2147 ex
729 2081 844 2148 intimo
860 2084 968 2165 corde,
989 2082 1056 2166 ubi,
1077 2082 1225 2166 sepositis
1235 2080 1329 2164 nugis
1339 2080 1464 2164 Pytha·

293 2206 486 2272 goreorum,
505 2207 619 2254 veram
639 2188 836 2254 sententiam
857 2189 970 2272 aperit·

330 2292 415 2372 Quia
434 2292 532 2359 Stoici
553 2312 620 2360 non
641 2293 819 2360 credebant
840 2295 967 2362 animas
988 2293 1323 2377 migrareincorpora
1338 2327 1372 2339 —
1385 2310 1464 2360 nam

290 2398 369 2465 nulli
406 2398 588 2465 Stoicorum
619 2399 792 2483 scriptores
826 2399 935 2468 idonei
966 2403 1098 2467 auctore
1129 2399 1238 2483 Lipsio
1269 2400 1332 2466 hac
1362 2397 1397 2465 in
1428 2417 1464 2466 re

289 2503 502 2587 Pythagoreis
514 2503 1033 2586 assentiuntur—fabellastales,
1055 2504 1168 2589 quales
1179 2505 1220 2571 de
1229 2497 1462 2587 Pbythagorae

290 2611 493 2693 aliorumque
531 2611 760 2689 μεταμορφώσει
796 2599 1126 2692 circumferebantur,
1157 2609 1361 2677 deridebant.
1413 2609 1462 2676 De

288 2716 434 2782 Homero
464 2715 696 2797 transfigurato
726 2715 761 2781 in
790 2735 975 2799 pavonem,
1007 2715 1126 2783 deinde
1157 2715 1191 2781 in
1218 2713 1461 2798 Pythagoram,

287 2824 453 2905 postremo
475 2820 509 2885 in
529 2821 671 2886 Ennium
691 2820 767 2886 vide
787 2821 869 2888 lahn
890 2825 975 2905 (pag.
997 2821 1079 2902 115).
1107 2820 1383 2903 Diog.Laert.lib.
1397 2820 1464 2886 VII.

289 2927 319 2995 4.
341 2928 371 2994 5.
392 2926 491 2994 aliam
512 2927 744 3008 μετεμψὺχωσιν·
764 2927 874 2994 tradit

329 3032 383 3099 Vs.
416 3031 464 3098 la.
505 3031 567 3096 Hic
597 3051 651 3116 epo
680 3051 809 3098 securus
839 3032 926 3117 culpi
953 3033 1012 3098 cet.
1054 3031 1135 3113 Hic,
1155 3029 1191 3095 in
1211 3029 1348 3113 praedio
1369 3049 1463 3112 meo,

288 3137 419 3206 Persius
439 3135 564 3220 inquit,
584 3135 688 3203 vitam
710 3137 793 3220 dego
813 3137 951 3204 liberam
973 3137 1016 3203 ab
1036 3135 1224 3217 ambitione,
1246 3134 1465 3202 avaritiaom·

290 3244 451 3328 nibusque
484 3243 553 3310 eius
583 3244 710 3326 generis
742 3243 930 3325 affectibus3
961 3244 1014 3310 hic
1045 3262 1112 3309 non
1146 3260 1223 3309 curo
1244 3259 1411 3308 sermones
1431 3245 1465 3308 et

290 3368 438 3416 rumores
458 3349 555 3432 vulgi.
588 3349 623 3414 Si
643 3349 723 3432 legis
744 3348 913 3432 Senecam,
935 3369 1002 3417 non
1022 3349 1124 3416 semel
1138 3349 1191 3415 vel
1202 3346 1262 3428 bis,
1273 3346 1332 3413 sed
1341 3345 1465 3431 passim

291 3455 378 3522 locos
398 3453 565 3536 invenies,
596 3453 714 3538 quibus
734 3456 848 3524 laudat
868 3474 1032 3523 secessum
1053 3474 1074 3522 a
1094 3454 1192 3521 turba
1212 3452 1310 3536 vulgi.
1344 3448 1466 3530 ,Sana-

168 3595 170 3602 ·
291 3561 421 3643 bimur,
451 3559 576 3645 inquit,
608 3560 635 3625 si
665 3561 765 3628 modo
795 3580 987 3647 separemur
1018 3563 1174 3629 acoetu:
1195 3578 1282 3626 nunc
1301 3576 1380 3624 vero
1400 3558 1467 3623 stat

293 3668 408 3733 contra
427 3665 601 3748 rationem,
622 3666 774 3735 defensor
791 3667 941 3750 malisui,
961 3667 1120 3751 populus'’
1130 3666 1185 3744 (de
1196 3665 1265 3732 vita
1275 3664 1375 3730 beata
1385 3681 1412 3729 c.
1425 3662 1464 3742 ll

337 3771 519 3853 ,Quidnam
539 3771 598 3839 tibi
618 3772 790 3840 vitandmn
811 3773 986 3857 praecipue
1007 3771 1188 3853 existimes,
1218 3769 1375 3855 quaeris?
1395 3771 1466 3835 tur·

293 3879 382 3946 bam.
417 3878 571 3945 Nondum
593 3878 680 3945 enim
701 3879 746 3946 illi
766 3875 799 3945 te
820 3882 891 3946 tuto
903 3877 1113 3946 commiseris.
1133 3877 1201 3959 Ego
1213 3877 1299 3943 certe
1310 3874 1468 3942 confiteor

294 3984 549 4052 imbecillitatem
580 4004 699 4052 meam.
730 3985 919 4069 Numquam
949 4003 1078 4065 mores,
1108 4001 1190 4066 quos
1212 3981 1331 4060 extuli,
1351 3980 1468 4048 refero.

295 4088 427 4174 Aliquid
448 4109 488 4156 ex
510 4110 568 4173 eo,
589 4073 679 4175 quod
700 4091 890 4177 composui,
911 4091 1082 4157 turbaturt
1104 4087 1228 4172 aliquid
1250 4108 1290 4155 ex
1311 4085 1467 4171 hisquae

296 4194 426 4277 iugari,
446 4194 539 4263 redit.
573 4196 669 4276 Quod
689 4197 794 4280 aegris
810 4196 928 4277 evenit,
949 4214 1032 4280 quos
1042 4195 1141 4278 longa
1151 4193 1353 4263 imbecillitas
1364 4210 1468 4276 usqua

298 4315 338 4370 eo
369 4299 495 4383 affecit,
527 4303 564 4368 ut
584 4319 765 4386 numquam
786 4301 856 4369 sine
875 4301 1001 4368 offensa
1020 4300 1248 4385 proferantur,
1269 4299 1332 4366 hoc
1352 4296 1469 4365 accidit

298 4406 413 4492 nobis,
433 4425 573 4496 quorum
595 4407 696 4476 animi
718 4428 758 4478 ex
778 4407 874 4494 longo
895 4407 1010 4477 morbo
1030 4406 1228 4478 reficiuntur.
1264 4402 1399 4473 Inimica
1420 4405 1469 4472 est
