3382 5056
828 542 869 607 45

266 723 401 789 modum
432 723 548 788 stultus
570 719 638 804 est,
664 722 719 806 qui
740 742 861 806 equum
884 725 1052 806 empturus
1071 742 1138 789 non
1161 725 1268 806 ipsum
1289 722 1438 806 inspicit,

267 829 326 896 sed
346 831 485 894 stratum
507 830 575 896 eius
597 849 635 895 ac
654 829 782 895 frenos:
806 830 851 895 sic
871 828 1078 894 stultissimus
1101 832 1169 910 est,
1191 830 1246 913 qui
1267 829 1436 896 hominem

270 936 327 1000 aut
358 953 397 998 ex
428 937 518 999 veste
534 937 598 1001 'aut
618 953 658 998 ex
679 933 885 1013 conditione,
916 952 1002 1016 quae
1022 933 1121 999 vestis
1141 935 1240 1001 modo
1262 933 1356 1001 nobis
1377 933 1439 1000 cir·

268 1039 420 1106 cumdata
442 1044 509 1120 est,
531 1039 702 1105 aestimat’'
726 1038 813 1115 (Sen.
838 1057 888 1121 ep.
908 1038 969 1114 47).

308 1145 360 1209 Vs.
383 1145 473 1220 31134
513 1145 561 1210 Te
582 1143 705 1228 pudere
717 1147 854 1227 oportet,
878 1145 967 1227 quod
977 1145 1078 1210 vitam
1091 1144 1189 1227 degis,
1201 1147 1332 1228 qualem
1343 1144 1443 1210 Natta

269 1248 322 1314 illc
343 1249 580 1331 nequissimus,
602 1249 657 1332 qui
679 1249 830 1314 omnibus
843 1248 1065 1330 voluptatibus
1076 1250 1204 1316 deditus
1216 1252 1274 1315 est.
1298 1250 1439 1316 Hirtam

268 1354 404 1433 stultus,
437 1353 585 1437 adeoque
617 1354 753 1419 obrutus
785 1357 834 1419 est
867 1352 973 1434 vitiis,
1005 1359 1041 1419 ut
1073 1355 1161 1420 nullo
1193 1354 1292 1420 modo
1321 1375 1361 1420 ex
1381 1355 1444 1420 hac

268 1457 473 1525 miseriarum
494 1459 618 1542 gurgite
641 1479 807 1542 emergere
829 1459 939 1541 possit.
971 1459 1007 1524 ln
1029 1459 1134 1525 imum
1150 1461 1302 1542 delapsus
1313 1479 1443 1543 semper

241 1567 244 1571 ’
274 1563 319 1629 ibi
349 1563 475 1629 iacebit.
518 1566 707 1647 Numquam
740 1565 782 1631 ad
801 1583 917 1631 sanam
939 1568 1084 1630 mentem
1105 1565 1240 1656 redibit,
1262 1584 1443 1648 numquam

273 1669 481 1752 „proficiens”
506 1670 576 1735 fieri
597 1673 713 1753 potest.
736 1670 829 1750 (Vide
850 1689 922 1753 pag.
944 1671 964 1735 8
985 1670 1016 1735 h.
1032 1670 1101 1752 d).

311 1775 455 1841 Stultitia
486 1779 518 1840 et
549 1775 681 1841 miseria
713 1776 782 1841 eius
813 1795 943 1857 semper
974 1779 1137 1856 crescent,
1165 1793 1244 1842 nam
1268 1776 1441 1857 „imperitis

271 1897 309 1946 ac
328 1881 426 1962 plane
446 1879 581 1945 rudibus
602 1880 708 1946 nullus
729 1880 1004 1963 praecipitationis
1026 1880 1099 1945 finis
1112 1882 1179 1945 est:
1201 1879 1236 1946 in
1258 1880 1445 1962 epicureum

269 1984 350 2050 illud
382 1984 480 2050 chaos
511 1985 665 2051 decidunt
684 1986 801 2067 inane,
823 1984 893 2051 sine
915 1984 1074 2050 termino”
1106 1983 1194 2064 (Sen.
1217 2004 1258 2067 ep
1291 1984 1352 2062 71).
1384 1985 1444 2050 Α1-

271 2093 382 2156 tamen
403 2089 503 2155 Natta
523 2090 612 2156 omni
634 2091 729 2172 culpa
750 2093 854 2169 carel,
884 2090 961 2172 qula
982 2089 1102 2169 nescit,
1124 2088 1204 2172 quid
1228 2089 1364 2171 perdat,
1387 2090 1446 2156 sed

271 2199 308 2261 tu
328 2195 378 2274 (cf.
400 2216 448 2260 vs.
471 2197 523 2277 5a)
541 2197 574 2260 in
586 2197 710 2261 maiore
722 2197 816 2278 culpa
829 2215 872 2277 es,
893 2214 972 2261 narn
983 2199 1019 2260 tu
1030 2195 1199 2277 disciplina
1211 2195 1444 2278 philosophiae.

276 2318 479 2383 quamquam
500 2300 731 2392 elementaria,
753 2301 919 2365 institutus
941 2320 985 2365 es,

313 2408 433 2472 Versus
469 2407 598 2472 :ro-43*
619 2409 806 2471 contextum
838 2425 991 2471 versuum
1023 2406 1261 2488 interrumpere
1282 2406 1447 2473 videntur.

272 2513 358 2578 Nam
387 2512 458 2579 dira
487 2511 719 2594 imprecatione
743 2511 777 2576 in
797 2514 954 2594 tyrannos
976 2511 1115 2591 omissa,
1137 2512 1242 2577 oratio
1264 2511 1391 2577 ratione
1413 2514 1446 2578 et

272 2617 326 2684 via
346 2618 502 2700 procedit.
523 2618 615 2698 Rogo
628 2617 1014 2699 cumvanWageningen
1028 2621 1091 2688 ³⁷r:
1123 2615 1442 2695 „undehaecsuhita
1512 2671 1513 2675 ,

273 2723 427 2805 digressio
440 2723 473 2788 P''
495 2726 528 2788 et
547 2723 730 2804 respondeo
752 2742 826 2788 cum
848 2742 906 2788 eo:
935 2723 1004 2802 „Ad
1016 2724 1101 2790 hanc
1112 2722 1338 2805 quaestionem
1350 2722 1444 2788 aliter

272 2828 471 2910 respondere
501 2847 568 2891 non
597 2847 682 2910 queo
710 2827 771 2891 nisi
791 2827 960 2909 proferens
981 2827 1212 2910 suspitionem,
1234 2826 1383 2891 Persium
1393 2825 1416 2890 l.
1426 2827 1446 2892 1.

272 2933 436 2999 Neronem
467 2951 534 2998 non
557 2936 669 3013 aperte
690 2932 896 3014 designasse3
924 2933 951 2996 si
973 2950 1039 3013 qua
1059 2932 1212 3014 principis
1234 2931 1442 3012 significalio‚

273 3038 355 3104 haec
374 3056 452 3102 vero
474 3037 644 3118 perspicua
666 3039 733 3115 est;
755 3037 796 3103 de
819 3038 948 3103 Nerone
969 3037 1054 3103 enim
1078 3055 1178 3119 quam
1200 3037 1342 3103 maxime
1354 3037 1443 3102 vale·

272 3143 351 3230 hat,
371 3143 525 3207 virtutem
547 3142 589 3207 ab
611 3163 650 3208 eo
672 3142 818 3207 relictam
840 3144 940 3208 esse’'.

315 3247 387 3314 Hoc
416 3249 487 3313 loco
517 3268 596 3314 voce
624 3249 755 3330 tyranni
779 3267 846 3312 non
866 3247 1002 3314 indicari
1024 3261 1126 3330 genus
1147 3247 1351 3331 principum,
1377 3248 1449 3331 „qui

274 3355 437 3435 potestate
456 3356 532 3417 sunt
553 3356 712 3435 perpetua
734 3354 768 3417 in
791 3373 831 3418 ea
853 3353 1002 3434 civitate,
1027 3371 1112 3435 quae
1136 3352 1287 3417 libertate
1298 3371 1358 3418 usa
1370 3353 1448 3435 esr’,
1540 3431 1544 3434 ,

275 3458 367 3524 facile
387 3457 582 3539 intelligitur.
615 3458 751 3539 Semper
773 3458 840 3524 fere
862 3458 968 3524 Latini
992 3458 1055 3523 hac
1074 3477 1154 3523 voce
1174 3457 1208 3521 in
1229 3459 1351 3523 malam
1370 3477 1447 3542 par-

275 3567 342 3629 tem
363 3564 547 3630 utebantur.
584 3564 779 3645 „Tyrannus
802 3567 913 3628 autern
936 3583 956 3629 a
976 3583 1053 3646 rege
1075 3562 1290 3644 distat'iactis¹
1311 3582 1449 3628 nonno·

276 3669 372 3735 mine.
394 3670 478 3734 Nam
503 3673 535 3734 et
555 3669 728 3752 Dionysius
749 3670 853 3735 maior
875 3669 945 3735 iure
966 3667 1149 3751 meritoque
1169 3667 1327 3750 praeferri
1339 3668 1449 3734 multis

276 3775 405 3857 regibus
426 3776 551 3856 potest:
574 3779 606 3840 et
627 3776 660 3839 L.
684 3774 808 3841 Sullam
829 3774 987 3857 appellari
1009 3778 1188 3857 tyrannum
1199 3773 1277 3856 quid
1289 3773 1450 3854 prohibet,

277 3881 327 3947 cui
351 3880 519 3946 occidendi
540 3880 641 3946 finem
662 3880 737 3946 fecit
747 3881 858 3963 inopia
869 3880 1055 3945 hostiumr*
1078 3879 1166 3960 (Sem
1189 3879 1229 3943 de
1252 3880 1342 3944 clem.
1354 3879 1376 3944 1.
1390 3879 1450 3961 li).

277 3985 472 4068 Saepissime
494 3985 659 4051 adduntur
680 3990 821 4068 tyranno
843 3985 988 4069 epitheta
1002 3985 1155 4050 ornantia
1165 4005 1282 4060 succus,
1304 3984 1450 4080 crudelis,

277 4091 364 4158 talia.
404 4091 453 4155 En
471 4077 586 4157 'hahes
617 4090 774 4156 miserum
796 4091 875 4156 illud
895 4109 996 4171 genus
1017 4089 1233 4171 pulcherrime
1253 4089 1451 4173 descriptum

278 4215 299 4262 a
327 4195 462 4264 Seneca.
485 4195 651 4278 „Tyranni
671 4231 712 4242 —
732 4197 779 4262 ita
789 4195 1126 4277 scribit—voluptate
1138 4195 1279 4260 saeviunt
1288 4217 1302 4275 ;
1320 4196 1451 4259 ruentia

278 4302 316 4368 iis
347 4301 435 4368 cordi
456 4301 534 4366 est”·
575 4300 701 4380 „Armis
722 4303 876 4381 utuntur,
898 4303 935 4366 ut
954 4318 1075 4382 magno
1096 4299 1213 4365 timore
1233 4319 1355 4382 magna
1375 4297 1451 4366 odia

272 4409 494 4494 'compescant
525 4407 593 4474 Nec
622 4407 693 4474 illas
724 4406 811 4490 ipsas
843 4424 980 4489 manus,
1005 4405 1123 4492 quibus
1143 4425 1178 4473 se
1200 4405 1449 4492 commiserunt,
