3382 5056
790 541 845 608 101

284 719 335 802 45)
367 719 414 787 Gi.
437 720 500 787 Cic.
523 719 614 787 acad.
635 723 719 804 post.
739 724 764 788 I.
787 719 893 802 10l38:
923 720 1115 805 ,Quumque
1136 717 1415 803 perturbationem

245 825 346 892 animi
376 825 421 890 illi
452 825 658 908 (superiores)
689 846 728 892 ex
748 825 881 892 homine
901 845 968 893 non
989 827 1158 907 tollerent,
1179 829 1362 907 naturaque
1384 825 1417 887 et

242 931 488 1009 condolescere,
510 933 542 996 et
564 931 810 1012 concupiscere,
832 935 865 996 et
885 933 1097 1012 extimescere,
1122 933 1155 996 et
1176 928 1282 996 efferri
1293 927 1417 993 laetitia

242 1037 405 1117 dicerent,
435 1035 495 1101 sed
526 1055 566 1102 ea
597 1037 846 1113 contraherent,
878 1037 912 1102 in
934 1040 1176 1120 angustumque
1198 1036 1416 1114 deducerent,

240 1143 292 1207 hic
313 1141 425 1222 (Zeno)
446 1141 599 1207 omnibus
620 1142 693 1220 his,
714 1142 950 1224 quasimorhis,
971 1143 1072 1208 voluit
1083 1160 1194 1208 carere
1205 1137 1417 1222 sapientem''.

241 1245 307 1313 Cic.
328 1249 407 1311 tusc.
430 1246 549 1329 disput.
570 1249 622 1308 IV.
645 1247 733 1320 7114:
770 1251 913 1328 ,metns,
945 1248 1055 1330 opinio
1080 1245 1298 1330 impendentis
1318 1242 1416 1322 mali,

124 1402 125 1406 ,
240 1350 329 1433 quod
348 1351 552 1422 intolerabile
573 1371 644 1417 esse
664 1352 854 1430 rideatur”;
886 1354 918 1418 et
940 1354 1038 1435 paulo
1060 1353 1160 1417 inira:
1194 1350 1271 1430 ,sub
1293 1352 1416 1414 metum

241 1457 351 1520 autem
372 1455 518 1522 subiecta
538 1456 687 1539 pigritia,
709 1456 824 1538 pudor,
840 1460 954 1537 terror,
966 1457 1072 1536 timor,
1084 1452 1197 1539 paror,
1210 1453 1417 1534 examinatio,

240 1560 467 1641 conturbatio,
488 1561 658 1626 formidat

284 1667 334 1746 34)
365 1666 447 1732 Vide
478 1667 563 1749 Lips.
595 1666 730 1733 manud.
761 1667 815 1733 lib.
837 1670 883 1727 ΠΙ
904 1667 979 1734 diss.
1003 1668 1059 1733 17:
1094 1669 1215 1746 ,solnm
1236 1665 1418 1747 sapientem

243 1791 313 1838 esse
334 1771 508 1837 nobilem’.

283 1876 334 1956 47)
364 1876 523 1942 Persiana
553 1895 613 1942 scr.
647 1876 696 1942 dr.
728 1877 751 1941 Ι.
783 1896 848 1942 van
879 1878 1104 1961 Wageningen
1135 1878 1169 1942 in
1199 1896 1307 1960 progr.
1336 1894 1419 1942 curs.

242 1981 441 2046 1891-1892
462 2000 570 2064 gymn.
592 1981 745 2062 Groning.
769 1982 849 2047 Vide
869 2003 942 2065 pag.
964 1984 1004 2048 hl
1023 1984 1119 2049 huius
1140 2003 1192 2065 op.

285 2084 335 2167 38)
365 2084 569 2166 Pythagoras
601 2087 665 2151 att:
698 2087 778 2150 κακὰ
810 2089 901 2164 μείζω
932 2090 1048 2170 πάσχει
1078 2087 1125 2149 dcci
1146 2093 1199 2148 τοῦ
1220 2087 1419 2156 caverim-oct

244 2189 353 2253 ἀδικῶν
373 2189 620 2268 βασανιζόμενος,
643 2189 660 2263 ἢ
675 2193 743 2270 ὀπῷ
754 2193 875 2269 σὼματι
885 2192 934 2256 καὶ
944 2203 1010 2264 ταῖς
1019 2199 1154 2268 πληγαῖς
1164 2192 1417 2270 μαστιγούμενος.

287 2299 336 2370 ³⁹)
358 2295 512 2376 Polybius
535 2296 568 2359 in
591 2296 799 2376 fragmentis:
824 2294 926 2366 Οὐδεὶς
946 2295 1037 2367 οὕτως
1057 2296 1123 2358 οὔτε
1134 2299 1251 2374 μὰρτνς
1262 2294 1343 2357 ἐστὶν
1353 2297 1419 2358 οὔτε

250 2402 420 2476 κατηγόρος
450 2398 539 2470 δεινὸς
569 2400 607 2470 ὡς
636 2400 790 2471 ἡσύνεσις
819 2404 1037 2468 ἠκατοικοῦσα
1059 2412 1124 2473 ταῖς
1145 2402 1280 2465 ἑκάστων
1303 2406 1416 2482 ψυχαῖς.

162 2557 164 2562 .
245 2502 485 2571 Tertullianus:
510 2504 658 2583 ,Nullum
679 2505 874 2571 maleficium
896 2506 966 2573 sine
987 2507 1160 2572 formidine
1182 2509 1249 2586 est,
1272 2507 1420 2588 quianec

246 2609 316 2676 sine
338 2610 535 2676 conscientia
554 2631 624 2677 sua.

288 2716 337 2795 ⁴⁰)
359 2715 406 2782 Cf.
428 2735 501 2798 pag.
523 2717 563 2782 98
583 2717 691 2798 operis
712 2737 813 2800 supra
834 2719 920 2784 dicti.

285 2820 334 2899 41)
354 2821 569 2888 lamblichus:
596 2824 749 2899 Καθάπερ
769 2833 812 2902 τῷ
833 2824 955 2902 ὐποπύῳ
975 2823 1098 2899 βέλτιον
1119 2824 1154 2884 τὸ
1175 2828 1334 2894 καίεσθαι,
1368 2830 1421 2881 τοῦ

244 2926 399 3003 διαμένειν,
423 2925 497 2987 οὕτω
518 2928 567 2991 καὶ
588 2937 631 3008 τῷ
652 2936 802 3009 μοχθηρῷ
824 2927 859 2989 τὸ
880 2931 1005 2991 τεθαναι
1025 2936 1077 2989 τοῦ
1098 2931 1161 3007 ζῆν.

287 3027 338 3108 44)
358 3030 406 3096 cf.
427 3033 516 3097 Pers.
538 3036 596 3097 sat.
609 3036 646 3094 V.
662 3039 714 3098 'vs
738 3034 796 3098 62:
821 3035 866 3099 Ac
888 3040 915 3099 tc
935 3036 1097 3099 nocturnis
1117 3036 1204 3099 iuvat
1214 3034 1422 3117 impallescere

245 3135 372 3201 chartis.
414 3137 578 3202 Cornutus
604 3139 707 3204 Persii
729 3140 882 3220 magister
903 3139 948 3204 ait
969 3159 1041 3222 pag.
1063 3141 1131 3204 a31.
1153 3140 1186 3203 in
1208 3140 1287 3204 Eud.
1310 3159 1341 3220 p.
1364 3138 1421 3202 10:

245 3241 356 3308 Πολλὴ
386 3239 419 3303 δὲ
450 3241 479 3304 ἑν
510 3252 548 3331 τῇ
579 3245 659 3308 νυκτὶ
692 3247 802 3326 ἡσυχία
828 3251 1007 3326 πανταχοῦ,
1030 3248 1172 3320 καθάπερ
1193 3243 1221 3305 ἐν
1242 3254 1308 3314 ταῖς
1327 3242 1420 3319 ὅλαις,

245 3345 294 3408 καὶ
314 3344 343 3406 ἑν
363 3357 429 3418 ταῖς
450 3345 581 3425 ἐρημίαις
600 3347 691 3410 ἐστίν.

289 3450 339 3532 44)
361 3451 431 3517 Hoc
462 3454 533 3517 loco
567 3455 732 3537 antiquior
763 3455 869 3520 torma
900 3456 1028 3520 litterae
1059 3455 1280 3536 Ycogitanda
1301 3457 1350 3518 est
1370 3454 1422 3533 (cf.

244 3554 330 3620 Jahn
360 3575 433 3637 pag.
469 3557 558 3637 156);
590 3559 684 3624 huius
717 3559 845 3625 litterae
876 3560 981 3642 figura
1002 3559 1164 3640 duplicem
1184 3558 1272 3624 ritae
1293 3578 1423 3624 cursum

247 3659 452 3742 Pythagoras
474 3663 669 3744 expressisse
691 3664 802 3730 lectur.
844 3665 908 3730 Per
932 3664 1100 3730 sinistrum
1121 3682 1221 3729 cornu
1242 3663 1338 3729 latius
1358 3665 1423 3727 itur

246 3763 289 3828 ad
309 3765 409 3840 vitia,
432 3785 491 3846 per
512 3768 664 3833 dextrum
688 3769 855 3850 angustius
877 3770 920 3834 ad
941 3770 1104 3835 virtutem.
1126 3768 1228 3834 Porro
1241 3768 1423 3832 notandum

247 3868 297 3932 est
315 3869 557 3950 Pythagoram,
579 3874 755 3938 oriundum
778 3894 795 3938 e
817 3874 916 3939 Samo
939 3874 1027 3957 apud
1048 3893 1162 3939 omnes
1182 3873 1329 3938 omnium
1339 3875 1423 3936 tem-

246 3988 364 4053 porum
385 3961 597 4058 philosophos
619 3978 652 4043 in
674 3999 802 4044 summo
824 3977 949 4044 honore
975 3980 1083 4045 tuisse.
1104 3978 1303 4044 Praesertim
1324 3977 1424 4043 Stoici

248 4095 322 4140 eum
355 4078 524 4157 colebant,
556 4101 583 4146 o.
605 4103 634 4164 g.
677 4083 806 4148 Sextius
839 4087 872 4148 et
892 4083 1027 4163 Sotion,
1056 4083 1202 4149 Senecae
1222 4085 1423 4166 praeceptor.

253 4181 301 4246 uf.
322 4181 397 4248 Sen.
420 4203 469 4265 ep¹
491 4186 550 4265 49,
573 4207 622 4268 ep.
646 4188 722 4265 108;
745 4188 829 4270 Lips.
852 4188 985 4253 manud.
1007 4189 1027 4253 l.
1050 4189 1076 4252 t.
1098 4188 1178 4254 (1.6.

293 4289 343 4366 ν)
364 4287 411 4352 cr.
432 4307 506 4371 pag.
528 4275 610 4356 a‘h.
633 4293 663 4357 a.

291 4390 341 4473 ⁴⁵)
366 4389 602 4472 ,Contemmite
623 4400 792 4494 mortem,
818 4417 903 4480 quac
923 4418 982 4466 vos
1003 4402 1060 4466 aut
1078 4398 1150 4481 finit
1171 4401 1228 4466 aut
1248 4397 1424 4476 νομίσαθ’
