3382 5056
838 552 875 616 51

270 735 460 810 contentus,
482 735 514 795 et
534 730 623 795 illam
644 749 758 794 vocem
779 748 916 811 magnus
938 731 1036 811 atque
1059 724 1225 791 animosus
1239 726 1441 792 exclamasti:

274 836 480 913 „Habeamus
503 854 645 916 aquam,
666 836 848 899 habeamus
870 833 1047 914 polentam,
1069 833 1136 896 lovi
1157 831 1217 912 ipsi
1240 833 1280 896 de
1293 831 1444 896 felicitate

271 939 525 1005 controversiam
546 939 725 1004 faciamus’'
747 939 836 1017 (Sen.
860 958 912 1018 ep.
939 937 997 1000 110
1017 937 1051 1000 in
1071 937 1162 1012 fine).

312 1045 402 1109 Haec
432 1044 615 1107 Annaeana
645 1043 794 1108 Persium
815 1044 1003 1125 loquentem
1024 1041 1127 1114 facio,
1150 1041 1315 1122 quianon
1338 1042 1445 1106 aliena

272 1153 348 1215 sunt
375 1151 492 1229 poetae
513 1147 606 1211 dictis
627 1151 659 1210 et
680 1148 803 1228 optime
824 1150 947 1219 notant,
971 1146 1086 1228 quanti
1097 1145 1219 1210 faciant
1231 1146 1330 1210 Stoici
1341 1147 1444 1210 vitam

270 1253 428 1335 frugalem
452 1256 484 1316 et
506 1252 621 1316 studiis
643 1252 799 1316 deditam.
849 1278 853 1285 ·

311 1357 420 1439 Pergit
451 1360 549 1438 poeta
571 1360 619 1432 (vs
651 1357 720 1431 56):
750 1357 916 1434 Didicisti‚
938 1375 1004 1438 qua
1026 1357 1079 1420 via
1101 1355 1229 1420 animus
1250 1359 1365 1437 pereat
1386 1374 1444 1420 ne-

271 1483 359 1529 cesse
390 1462 450 1540 sit,
482 1481 547 1543 qua
578 1462 632 1526 via
663 1461 706 1525 ad
733 1481 896 1526 summam
929 1460 1115 1524 felicitatem
1136 1460 1299 1542 perveniri
1321 1461 1444 1542 possit;

272 1567 360 1651 quod
389 1570 422 1631 te
458 1565 587 1632 edocuit
607 1567 729 1630 samius
751 1566 804 1629 ille
826 1566 1037 1647 philosophus
1057 1585 1135 1629 usus
1156 1565 1298 1646 imagine
1319 1565 1445 1630 litterae

271 1674 369 1748 ΥΠ).
402 1671 589 1735 Etiamnum
612 1671 733 1734 dormis
755 1673 794 1734 ot
816 1670 932 1747 stulte,
956 1670 1012 1751 qui
1033 1669 1127 1746 nosti,
1150 1670 1265 1752 quanti
1287 1670 1446 1735 momenti

272 1779 313 1842 sit
344 1775 575 1858 philosophia?
606 1775 761 1839 Habesne
782 1767 903 1852 finem,
924 1775 966 1838 ad
987 1794 1086 1855 quem
1108 1774 1220 1839 omnia
1240 1774 1370 1856 dirigis,
1403 1794 1446 1839 an

272 1876 394 1947 temere
417 1881 503 1961 agis,
525 1881 595 1944 sine
618 1880 707 1944 omni
729 1880 828 1944 futuri
850 1882 954 1944 cura?

321 1987 464 2064 Eadem,
496 2004 581 2067 quae
612 1985 646 2048 hi
663 2004 776 2048 versus
796 1985 935 2064 60-62,
957 1986 1076 2048 tractat
1097 1984 1241 2064 Seneca,
1262 1984 1321 2050 sed
1343 1987 1446 2051 multo

272 2091 393 2155 fusius:
430 2090 561 2167 ,Vivere
594 2109 708 2154 omnes
738 2090 834 2154 beate
866 2089 999 2168 volunt,
1031 2089 1089 2154 sed
1121 2089 1164 2153 ad
1185 2089 1446 2170 pervidendum,

274 2196 352 2278 quid
372 2196 431 2274 sit,
463 2196 551 2278 qood
574 2195 706 2258 beatam
728 2195 830 2258 vitam
852 2194 989 2273 efficiat,
1021 2193 1170 2275 caligant.
1201 2195 1359 2277 Adeoque
1379 2215 1445 2262 non

240 2352 242 2354 .
275 2305 324 2365 est
345 2301 436 2364 facile
459 2301 612 2380 consequi
633 2300 764 2362 beatam
786 2299 897 2376 vitam,
919 2302 955 2362 ut
977 2299 1018 2362 ab
1042 2319 1080 2362 ea
1102 2300 1238 2381 quisque
1261 2319 1299 2363 eo
1320 2300 1446 2381 longius

274 2405 423 2485 recedat,
455 2423 519 2486 quo
553 2405 595 2469 ad
626 2405 715 2468 illam
747 2405 937 2468 concitatius
968 2405 1089 2482 fertur,
1125 2404 1151 2467 si
1172 2404 1226 2468 via
1246 2405 1357 2487 lapsus
1379 2409 1446 2482 est3

275 2529 379 2592 quae,
402 2510 466 2574 ubi
481 2510 514 2573 in
537 2509 734 2580 contrarium
757 2509 853 2586 ducit,
875 2509 946 2590 ipsa
966 2509 1119 2573 velocitas
1140 2509 1273 2572 maioris
1286 2509 1447 2574 intervalli

275 2633 373 2679 rausa
404 2615 449 2678 fit.
486 2613 740 2694 Proponendum
772 2617 821 2678 est
852 2614 963 2696 itaque
994 2613 1155 2694 primum,
1178 2613 1257 2695 quid
1277 2613 1337 2692 sit,
1359 2614 1447 2696 quod

275 2723 487 2800 appetamus:
519 2722 589 2782 tum
621 2719 944 2799 circumspiciendum
977 2722 1044 2795 est,
1077 2737 1142 2799 qua
1171 2719 1367 2783 contendere
1393 2720 1447 2784 illo

274 2825 440 2889 celerrime
461 2823 638 2904 possimus:
660 2823 851 2887 intellecturi
872 2824 997 2904 inipso
1018 2823 1142 2902 itinere,
1164 2824 1191 2887 si
1213 2825 1310 2889 modo
1322 2828 1446 2889 rectum

275 2929 351 3007 erit,
383 2931 542 3009 quantum
572 2927 717 3009 quotidie
741 2928 946 3009 profligetur,
977 2930 1166 3009 quantoque
1188 2929 1321 3009 propius
1342 2929 1385 2992 ab
1407 2947 1446 2993 eo

275 3034 395 3112 simus,
417 3033 460 3097 ad
481 3032 569 3114 quod
590 3051 650 3095 nos
671 3031 831 3111 cupiditas
852 3033 1010 3096 naturalis
1033 3033 1177 3114 impellit.
1200 3032 1363 3110 Quamdiu
1374 3032 1446 3113 qui·

275 3139 350 3204 dem
371 3139 492 3219 passim
514 3156 692 3217 vagamur,
714 3156 781 3201 non
803 3138 919 3200 ducem
940 3137 1061 3216 secuti,
1083 3139 1141 3201 sed
1155 3137 1321 3202 tremitum
1338 3137 1446 3202 etcla-

275 3262 399 3308 morem
432 3243 599 3307 dissonum
620 3242 655 3305 in
677 3241 807 3306 diversa
827 3242 1034 3322 vocantium,
1057 3242 1233 3307 conteritur
1253 3241 1341 3321 vita,
1362 3243 1447 3306 inter

274 3367 409 3424 errores,
431 3348 548 3424 brevia,
570 3346 698 3411 etiamsi
719 3347 787 3410 dies
811 3350 987 3428 noctesque
1008 3348 1116 3411 bonae
1138 3347 1446 3411 mentilaboremus.

273 3454 474 3520 Decernatur
505 3452 616 3533 itaque
644 3454 677 3515 et
698 3471 762 3532 quo
783 3452 978 3531 tendamus,
1001 3456 1033 3516 et
1054 3473 1139 3534 qua:
1162 3470 1230 3515 non
1250 3453 1319 3514 sine
1342 3451 1447 3532 perito

275 3559 403 3641 aliqu0,
434 3557 484 3622 cui
517 3557 686 3637 explorata
713 3557 778 3620 sint
799 3576 859 3635 ea,
880 3558 914 3621 in
935 3577 1020 3639 quae
1040 3557 1267 3638 procedimus:
1291 3557 1447 3638 quoniam

276 3663 406 3746 quidem
438 3680 505 3727 non
537 3663 653 3726 eadem
684 3662 754 3740 bic,
786 3680 872 3743 quae
904 3662 938 3726 in
969 3663 1083 3727 ceteris
1111 3661 1446 3742 peregrinationibus,

274 3767 416 3833 conditio
438 3770 494 3832 est.
527 3766 561 3830 ln
583 3766 644 3830 illis
666 3766 919 3847 comprehensus
942 3765 1057 3849 aliquis
1079 3766 1178 3838 limes,
1203 3769 1235 3830 et
1256 3766 1446 3848 interrogati

274 3873 418 3950 incolae,
449 3891 515 3936 non
538 3871 706 3952 patiuntur
729 3890 855 3936 errare:
881 3874 916 3934 at
936 3871 990 3936 hic
1011 3871 1179 3937 tritissima
1202 3890 1352 3954 quaeque
1372 3871 1445 3952 via,

275 3981 307 4042 et
328 3977 558 4054 celeberrima,
580 3975 722 4040 maxime
743 3975 872 4057 decipit.
905 3975 991 4040 Nihil
1010 3995 1086 4057 ergo
1097 3976 1200 4058 magis
1212 3975 1447 4057 praestandum

276 4087 343 4158 e'st,
365 4101 464 4164 quam
485 4101 527 4144 ne
549 4099 701 4162 pecorum
723 4079 807 4158 ritu,
828 4100 1005 4163 sequamur
1023 4081 1286 4146 antecedentium
1297 4100 1446 4162 gregem,

274 4191 446 4269 pergentes
466 4205 532 4250 non
554 4204 620 4267 qua
641 4185 786 4250 eundum
808 4190 877 4266 est,
898 4187 956 4250 sed
980 4206 1046 4269 qua
1067 4186 1138 4251 itur.
1176 4188 1273 4269 Atqui
1294 4186 1384 4252 nulla
1394 4207 1447 4253 res

275 4311 335 4356 nos
362 4291 540 4356 maioribus
573 4290 665 4354 malis
687 4289 851 4370 implicat,
875 4311 975 4373 quam
996 4292 1085 4373 quod
1106 4293 1149 4356 ad
1171 4312 1336 4358 rumorem
1359 4312 1446 4358 com·

275 4397 446 4479 ponimur3
477 4397 603 4478 optima
622 4395 685 4460 rati
708 4413 767 4474 ea,
793 4414 878 4476 quae
898 4416 1019 4480 magno
1041 4417 1175 4463 assensu
1196 4402 1329 4481 recepta
1349 4401 1445 4477 sunt,
