3382 5056
860 477 903 564 er

304 658 476 736 exspecta,
508 674 581 720 cum
614 655 771 737 puerilem
804 656 950 720 animum
983 657 1190 737 deposueris,
1219 659 1252 721 et
1279 659 1312 722 te
1333 656 1367 722 in
1388 657 1474 723 viros

301 759 507 843 philosophia
527 761 785 843 transscripserit
835 759 952 825 Adhuc
973 759 1062 824 enim
1082 779 1149 826 non
1170 761 1313 843 pueritia
1324 761 1359 826 in
1369 762 1473 842 nobis,

301 864 379 944 sed,
401 865 488 947 quod
511 869 560 930 est
581 865 730 946 gravius,
750 864 919 947 puerilitas
931 869 1100 930 remanet:
1121 868 1154 930 et
1163 867 1226 930 hoc
1238 865 1370 948 quidem
1381 866 1473 948 peius

302 972 369 1046 est,
393 971 481 1052 quod
502 971 729 1035 auctoritatem
756 971 916 1036 habemus
937 989 1074 1051 senum,
1094 969 1174 1036 vitia
1195 990 1391 1053 puerorum:
1412 989 1474 1037 neo

300 1093 477 1156 puerorum
498 1078 643 1155 tantum,
665 1075 723 1139 sed
745 1075 951 1140 infantium’.

341 1180 395 1244 Sic
425 1179 536 1245 scribit
568 1180 694 1245 Seneca
715 1181 758 1244 ad
778 1180 937 1245 Lucilium
958 1185 1020 1259 (ep.
1053 1180 1107 1261 4),
1139 1183 1172 1244 et
1202 1180 1263 1246 sibi
1292 1181 1358 1246 iam
1379 1180 1470 1261 seni,

303 1304 405 1368 quum
427 1286 587 1351 maiorem
609 1286 725 1352 aetatis
746 1289 875 1369 partem
897 1285 931 1350 in
952 1285 1177 1367 philosophiae
1198 1285 1312 1350 studiis
1334 1285 1471 1368 egisset,

301 1391 491 1456 discendum
520 1411 591 1457 esse
612 1392 748 1474 putavit.
789 1390 880 1456 ldem
912 1393 1024 1454 auctor
1044 1389 1108 1471 (ep.
1130 1389 1201 1468 76):
1233 1390 1469 1473 Philosophum

301 1497 419 1577 audin,
448 1500 481 1563 et
500 1496 639 1579 quidem·
654 1497 803 1578 quintum
825 1495 892 1560 iam
913 1495 1000 1559 diem
1022 1494 1148 1575 habeo,
1171 1514 1210 1560 ex
1231 1495 1351 1577 quoin
1372 1497 1468 1561 scho-

300 1601 366 1666 lam
388 1621 445 1683 eo,
468 1605 501 1667 et
523 1604 564 1667 ab
586 1605 702 1668 octava
724 1601 945 1685 disputantem
967 1599 1074 1665 audio.
1096 1600 1197 1680 Bona,
1220 1600 1337 1683 inquis,
1348 1603 1468 1667 aetate.

299 1705 419 1784 Quidni
450 1707 565 1772 bona?
592 1707 671 1790 quid
699 1710 809 1771 autem
830 1705 977 1785 stultius,
999 1724 1098 1786 quam
1120 1705 1197 1786 quia
1218 1704 1274 1770 diu
1295 1725 1363 1771 non
1384 1706 1468 1771 didi·

301 1813 402 1892 cerlS,
423 1832 491 1878 non
512 1813 662 1878 discere?
694 1811 780 1890 Quid
800 1814 903 1893 ergo?
925 1811 1013 1876 idem
1034 1810 1161 1890 faciam,
1183 1810 1273 1892 quod
1292 1811 1422 1877 trossuli
1432 1814 1466 1877 et

298 1917 457 1984 iuvenes?
479 1919 568 1983 Bene
587 1937 716 1982 mecum
738 1917 862 1998 agitur,
884 1916 911 1981 si
932 1917 994 1981 hoc
1015 1934 1116 1980 unum
1137 1919 1338 1982 senectutem
1358 1937 1470 1984 meam

299 2023 444 2088 dedecet.
485 2023 599 2088 Omnis
621 2022 738 2108 aetatis
762 2021 909 2086 homines
930 2021 1013 2086 haec
1032 2021 1144 2085 schola
1165 2020 1327 2087 admittit:
1348 2022 1381 2086 in
1403 2022 1467 2088 hac

280 2147 524 2208 ¹senescamus,
555 2129 642 2193 hanc
671 2131 708 2193 ut
739 2127 873 2192 iuvenes
894 2145 1080 2209 sequamur.
1123 2126 1158 2191 ln
1179 2127 1345 2193 theatrum
1366 2148 1467 2197 senex

297 2233 372 2314 ibo,
394 2237 426 2298 et
447 2233 480 2297 in
501 2234 621 2298 circum
643 2233 790 2310 deferar,
812 2234 844 2296 et
865 2232 990 2296 nullum
1011 2250 1073 2312 par
1093 2229 1163 2296 sine
1183 2251 1237 2296 me
1249 2231 1466 2314 depugnabit:

298 2338 341 2403 ad
372 2338 601 2419 philosophum
632 2337 680 2401 ire
713 2337 930 2402 erubescam?
971 2335 1056 2400 Tam
1088 2335 1144 2398 diu
1176 2334 1365 2402 discendum
1398 2341 1466 2420 est,

298 2443 455 2524 quamdiu
487 2444 650 2520 vivas⁵⁵).
692 2442 759 2508 Nec
788 2442 844 2506 ulli
875 2441 939 2507 hoc
967 2440 1015 2505 rei
1046 2439 1150 2522 magis
1172 2441 1343 2522 convenit,
1364 2461 1465 2525 quam

296 2547 391 2612 huic:
422 2551 491 2613 tam
514 2548 568 2613 diu
591 2548 782 2613 discendum
804 2549 852 2612 est
873 2545 1153 2629 quemadmodum
1173 2545 1283 2627 vivas,
1305 2548 1465 2629 quamdiu

295 2653 384 2718 vivis
422 2654 489 2736 Ego
510 2657 622 2718 tamen
643 2653 696 2718 hic
716 2652 839 2736 aliquid
860 2654 893 2717 et
914 2653 1024 2717 doceo.
1053 2650 1190 2729 Quaeris
1213 2651 1292 2733 quid
1304 2653 1467 2721 doceam?

294 2761 387 2824 eliam
407 2760 475 2823 seni
495 2779 558 2824 esse
579 2758 771 2824 discendum.

333 2864 370 2928 ln
392 2884 437 2928 vs.
458 2865 498 2928 66
518 2884 605 2947 sqq,
627 2864 744 2946 quibus
764 2861 894 2927 Persius
915 2861 1009 2926 nobis
1024 2862 1184 2942 exprobat
1198 2863 1468 2945 procrastinatio·

294 2989 386 3050 nem,
418 2971 540 3050 optime
568 2969 749 3053 quadrant,
782 2986 866 3049 quae
886 2965 998 3030 scribit
1017 2965 1143 3032 Seneca
1163 2967 1198 3031 in
1219 2987 1269 3049 ep.
1291 2969 1340 3033 tt.
1383 2969 1468 3035 Sunt

293 3075 395 3140 verba
416 3079 484 3141 tam
505 3075 657 3157 pulchra,
678 3078 747 3139 tarn
768 3092 847 3137 vera
867 3073 904 3136 ut
923 3090 991 3136 non
1011 3071 1134 3154 possim
1155 3091 1222 3138 non
1242 3074 1367 3140 bonam
1386 3093 1464 3157 par·

293 3184 360 3245 tem
382 3181 577 3262 descriptam
601 3179 727 3244 afferre.
763 3177 885 3256 ,Facile
907 3179 956 3241 est
977 3179 1104 3257 autem,
1126 3178 1171 3242 mi
1190 3178 1306 3260 Lucili,
1328 3198 1467 3264 occupa-

292 3286 398 3351 tiones
420 3286 579 3365 evadere,
600 3284 627 3348 si
649 3283 898 3365 occupationum
917 3281 1024 3365 pretia
1034 3283 1287 3364 contempseris,
1308 3283 1364 3350 illa
1374 3287 1467 3366 sunt,

293 3409 378 3473 quae
399 3408 459 3454 nos
480 3392 651 3454 morantur
672 3393 704 3453 et
725 3387 881 3452 detinent.
923 3386 1009 3465 Quid
1030 3390 1130 3468 ergo?
1166 3389 1235 3453 tam
1256 3388 1370 3471 longas
1391 3409 1466 3472 spes

292 3495 501 3578 relinquam?
522 3495 564 3559 ab
586 3495 658 3577 ipsa
678 3512 783 3558 messe
806 3492 998 3556 discedam?
1019 3491 1145 3556 nudum
1166 3493 1227 3557 erit
1242 3493 1350 3558 latus?
1371 3494 1461 3560 inco·

292 3601 408 3665 mitata
438 3600 577 3665 lectica?
609 3599 728 3663 atrium
760 3599 923 3663 vacuum?
955 3597 1007 3661 Ab
1028 3596 1079 3661 his
1101 3616 1177 3679 ergo
1201 3597 1295 3663 inviti
1315 3598 1466 3665 homines

291 3706 466 3784 recedunt,
499 3707 531 3768 et
552 3704 737 3768 mercedem
758 3701 964 3767 miseriarum
986 3692 1118 3781 amant,
1152 3702 1241 3782 ipsas
1263 3707 1464 3769 execrantur.

291 3811 344 3878 Sic
374 3811 416 3876 de
448 3810 645 3889 ambitione,
678 3807 843 3891 quomodo
865 3808 906 3872 de
926 3807 1032 3872 amica
1053 3807 1104 3887 (cf.
1126 3826 1173 3872 vs.
1201 3807 1254 3872 161
1279 3827 1348 3891 sqq.
1369 3809 1465 3876 huius

290 3917 425 3997 satirae)
446 3919 647 4000 queruntur:
669 3915 702 3979 id
723 3917 790 3993 est,
816 3913 843 3977 si
855 3931 969 3978 verum
990 3912 1141 3977 affectum
1163 3932 1277 3979 eorum
1296 3914 1464 3997 inspicias,

290 4040 357 4086 non
389 4021 529 4087 oderunt
559 4021 618 4086 sed
648 4020 782 4101 litigant.
824 4018 945 4082 Excute
977 4017 1075 4098 istm,
1111 4017 1167 4100 qui
1198 4037 1282 4101 quae
1314 4019 1463 4102 cupiere,
1544 4045 1553 4064 .

290 4127 481 4207 deplorant,
504 4129 536 4191 et
557 4126 598 4190 de
619 4143 733 4190 earum
753 4142 863 4188 rerum
884 4123 1062 4204 loquuntur
1081 4123 1179 4206 fuga,
1212 4123 1330 4206 quibus
1351 4143 1464 4190 carere

289 4251 356 4296 non
377 4235 532 4313 possunt:
554 4230 679 4296 videbis
700 4228 919 4294 voluntarlam
940 4248 1010 4294 esse
1031 4228 1092 4294 illis
1112 4229 1146 4294 in
1162 4248 1352 4309 eomoram,
1375 4230 1464 4311 quod

292 4356 389 4419 aegre
421 4337 504 4402 ferre
535 4337 622 4420 ipsos
650 4337 682 4400 et
708 4333 846 4414 misere,
877 4333 1061 4417 loquuntur.
1103 4334 1153 4399 lta
1173 4338 1240 4415 est,
1273 4334 1317 4400 mi
1340 4333 1462 4417 Lucili,
