3382 5056
828 558 867 620 60

255 739 483 821 paupertatem
513 736 619 817 cadit,
651 755 711 801 nec
741 737 854 818 procul
884 755 905 801 a
931 736 1125 817 paupertate
1157 733 1312 799 discedit”
1336 732 1427 814 (San.

256 844 298 909 de
318 844 426 925 tranq.
447 843 546 908 anim.
568 841 610 921 9).

298 948 394 1027 „Quis
425 947 467 1012 sit
496 945 653 1029 pecuniae
674 945 810 1025 modum
841 944 997 1028 quaeris?
1018 945 1163 1027 prImus:
1194 944 1317 1010 habere
1338 943 1428 1026 quod

256 1072 388 1120 necesse
418 1054 484 1131 est3
515 1050 682 1132 proximus
713 1050 802 1134 quod
832 1054 885 1116 sat
906 1052 973 1115 est”
1004 1049 1082 1124 (Son
1104 1068 1154 1132 ep.
1176 1049 1219 1126 i).

295 1157 460 1241 Epictetus
479 1156 615 1220 modum
636 1175 734 1237 opum
757 1154 870 1221 statuit
890 1174 1006 1238 corpus
1018 1173 1087 1218 esse
1099 1153 1309 1235 sicutpedem
1321 1152 1428 1219 calcei.

255 1259 300 1325 Ut
319 1259 372 1325 hic
391 1280 458 1326 non
479 1260 577 1326 debet
596 1259 702 1325 maior
724 1279 815 1340 esse,
836 1260 882 1324 ita
903 1279 970 1325 non
991 1259 1043 1324 ille
1064 1257 1204 1341 amplior
1224 1258 1429 1323 naturalibus

257 1364 400 1447 corporis
422 1364 601 1430 desideriis.
1166 1419 1170 1424 .

299 1469 384 1550 Quid
413 1472 466 1547 foa
495 1476 622 1552 optare:
649 1469 734 1551 Lege
765 1489 850 1552 quae
872 1468 1028 1535 annotavi
1050 1468 1091 1534 de
1114 1467 1195 1534 votis
1216 1466 1429 1550 suscipiendis

259 1575 302 1640 ad
322 1593 455 1640 versum
474 1574 511 1638 41
535 1574 654 1640 satirae
676 1574 850 1640 secundae.

301 1680 385 1760 Quid
414 1701 506 1766 asper
535 1681 611 1745 utile
630 1700 779 1745 nummus
799 1680 908 1744 lubet:
932 1679 1092 1758 „Pecunia
1113 1679 1193 1744 nihil
1215 1679 1258 1745 ad
1282 1679 1428 1744 animum

258 1785 419 1869 pertinet,
449 1804 517 1851 non
547 1785 670 1867 magis,
701 1805 801 1868 quam
833 1785 876 1850 ad
898 1785 976 1850 deos
997 1783 1197 1850 immortales
1219 1783 1331 1850 omnia
1352 1783 1430 1866 isla,

258 1909 344 1973 quae
364 1890 515 1974 imperita
534 1889 682 1972 ingenia,
712 1893 744 1955 et
764 1890 860 1955 nimis
882 1890 1070 1972 corporibus
1091 1889 1158 1954 suis
1184 1888 1334 1968 addicta,
1357 1908 1429 1955 sus-

259 1996 403 2078 piciunt”
434 1995 521 2072 (Seu.
553 1994 596 2060 ad
616 1994 742 2060 Helvid.
764 1995 805 2072 9).
836 1995 925 2060 lnter
946 1994 1126 2078 adiaphora
1147 1997 1196 2059 est
1215 1995 1430 2062 numeranda.

289 2101 414 2167 Deinde
426 2101 470 2166 ad
475 2099 681 2183 paraenesin,
689 2120 774 2182 quae
786 2100 852 2184 agit
863 2100 903 2165 de
913 2099 1242 2183 praeccpliS‚Persius
1253 2119 1288 2164 se
1297 2101 1432 2166 confert.

291 2206 375 2286 Quid
391 2208 526 2292 patriae,
545 2207 732 2290 propinquis
753 2205 968 2292 elurpieudum
988 2212 1054 2271 cat:
1078 2204 1184 2285 „Quid
1208 2205 1342 2287 agimus,
1353 2206 1432 2288 quid

260 2312 376 2377 damus
397 2312 592 2394 praecepta.
605 2357 612 2374 .
625 2355 652 2375 ..
674 2310 753 2376 sciet
773 2329 833 2394 pro
854 2309 961 2394 patria
982 2309 1195 2392 pugnandum
1207 2329 1277 2375 esse
1292 2359 1299 2376 .
1312 2359 1320 2376 .
1332 2330 1431 2394 ..pro

259 2416 371 2482 amicis
403 2415 630 2481 desudandum
663 2435 751 2497 esse,
783 2417 826 2481 ad
848 2419 1030 2480 extremum
1051 2434 1155 2497 usque
1175 2415 1350 2481 sudorem”
1369 2419 1428 2483 cet.

258 2521 340 2587 Vide
370 2541 456 2604 quae
485 2522 584 2604 paulo
605 2524 681 2586 ante
703 2541 743 2587 ex
763 2523 825 2588 hac
846 2522 990 2587 Senecae
1013 2521 1150 2603 epistola
1173 2521 1318 2604 excerpsi
1342 2524 1429 2605 (pag.
1508 2518 1509 2522 ’

258 2626 349 2707 55156
359 2626 391 2691 h.
403 2627 448 2705 d.)
459 2629 489 2691 et
502 2626 591 2708 Diog.
602 2627 707 2692 Laert-
719 2626 776 2692 Vll
789 2628 855 2706 108,
879 2627 946 2708 109,
961 2628 1017 2692 ubi
1029 2627 1159 2709 attingit
1169 2624 1210 2686 τὰ
1230 2628 1426 2702 καθήκοντα

260 2730 401 2796 eundem
423 2731 488 2796 Vll.
511 2731 578 2813 119,
601 2732 668 2796 120.

300 2836 393 2915 Quae
423 2836 554 2902 decreta
585 2839 617 2902 et
637 2841 813 2919 praccepta
833 2841 931 2919 poeta
951 2836 1094 2903 breviter
1114 2837 1240 2920 collegit
1260 2836 1349 2904 hisce
1373 2838 1431 2904 de·

260 2941 374 3008 cretis:

302 3047 399 3127 Qum
419 3054 446 3111 tc
467 3046 543 3112 daus
563 3067 626 3112 ease
646 3047 740 3112 iussit
760 3054 788 3113 et
806 3047 947 3113 huruuua
967 3068 1030 3132 quo
1049 3053 1138 3131 purte
1158 3048 1431 3114 loculuaecr'ure:

260 3151 308 3218 Te
322 3171 397 3233 gere
417 3151 527 3232 talem,
549 3151 679 3234 qualem
690 3153 770 3218 deus
781 3154 849 3218 sive
862 3153 964 3219 fatum
977 3152 1115 3218 iusserit.
1137 3153 1210 3217 Non
1223 3152 1319 3235 pauci
1330 3153 1431 3235 scrip·

258 3262 368 3324 torum
399 3261 534 3323 utuntur
564 3258 792 3339 similitudine,
823 3277 891 3341 qua
921 3257 990 3323 vila
1020 3258 1167 3323 humana
1188 3277 1262 3323 cum
1283 3259 1431 3341 partibus

258 3362 423 3428 histrionis
455 3365 673 3445 comparatur.
701 3363 791 3446 Diog.
812 3365 919 3429 Laerl.
940 3362 1006 3429 Vll.
1030 3363 1107 3428 1602
1129 3353 1209 3424 Εἶναι
1228 3362 1290 3440 γὰρ
1311 3363 1431 3438 (Aristo

260 3467 361 3534 Chius
401 3467 528 3534 Stoicus
561 3469 619 3547 ait)
650 3466 746 3546 ὅμοιον
776 3476 819 3548 τῷ
850 3468 963 3546 ἀγαθῷ
994 3469 1137 3555 ὑποκριτῇ
1166 3465 1219 3528 τὸν
1248 3472 1338 3548 σοφὸν
1370 3473 1431 3534 cet,

260 3573 433 3655 EpictetUS,
455 3593 542 3639 man·
566 3574 687 3653 17(23):
709 3574 877 3652 Μέμνησο,
907 3573 951 3634 ὅτι
971 3572 1130 3649 ὑποκριτὴς
1154 3563 1180 3632 εἷ
1196 3573 1362 3651 δράματος,
1376 3572 1431 3636 οἵου

261 3679 296 3741 ἂν
326 3679 404 3767 θέλῃ
436 3681 450 3740 ὁ
480 3679 672 3750 διδάσκαλος·
703 3678 738 3740 ἂν
758 3678 863 3761 βραχὺ
884 3678 1029 3761 βραχέος·
1054 3677 1089 3738 ἂν
1110 3676 1225 3756 μακρὸν
1246 3685 1371 3756 μακροῦ.
1395 3679 1431 3740 ἂν

259 3781 386 3865 πτωχὸν
415 3784 627 3860 ὑποκρίνεσθαί
657 3805 692 3845 σε
722 3784 811 3872 θέλῃ,
834 3783 878 3845 ἵνα
900 3784 949 3848 καὶ
971 3789 1078 3844 τοῦτον
1099 3782 1204 3864 εὐφυῶς
1224 3783 1371 3872 ὐποκρινῇ·
1395 3783 1431 3844 ἂν

260 3887 372 3971 χωλὸν,
394 3888 430 3948 ἂν
449 3889 606 3971 ἄρχοντα,
629 3889 664 3951 ἂν
684 3889 809 3962 ἰδιώτην.
832 3887 884 3950 σὸν
906 3887 968 3967 γὰρ
989 3892 1071 3949 τοῦτ’
1093 3886 1169 3964 ἐστι,
1191 3885 1227 3948 τὸ
1247 3885 1335 3952 δοθὲν
1356 3890 1431 3950 ὑπο-

261 4000 419 4073 κρίνασθαι
439 3998 600 4073 πρόσωπον
620 4002 731 4068 καλῶς·
756 3994 940 4076 ἐκλέξασθαι
960 3995 987 4056 δ’
1010 3994 1093 4072 αὐτὸ,
1116 3995 1220 4055 ἄλλου.

301 4100 427 4169 Seneca
458 4123 508 4185 ep.
530 4103 569 4168 78
590 4103 624 4168 in
644 4103 728 4169 fine:
760 4101 932 4182 Quomodo
954 4102 1065 4168 sabula
1085 4101 1130 4166 sic
1150 4100 1228 4181 vita,
1248 4120 1431 4185 nonquam

262 4206 318 4273 diu
338 4208 396 4274 sed
417 4228 517 4291 quam
538 4210 623 4274 bene
644 4212 717 4275 acta
738 4209 799 4290 sil,
820 4208 931 4274 refert.
961 4207 1048 4274 Nihil
1070 4207 1112 4273 ad
1123 4225 1192 4272 rem
1203 4207 1354 4290 pertinet,
1365 4227 1430 4291 quo

261 4314 332 4380 loco
352 4313 492 4380 desinas.
524 4313 736 4400 Quocumque
758 4315 867 4398 voles,
889 4313 1037 4381 desines:
1061 4317 1188 4381 tantum
1208 4314 1430 4382 bonamclau·

262 4420 366 4490 sulam
387 4420 529 4508 impone.
