3402 5056
713 505 863 568 '26

258 707 359 771 quam
389 686 469 752 deus
499 685 626 763 videat;
655 685 699 752 sic
726 686 860 768 loquere
890 702 964 750 cum
985 684 1067 766 deo,
1089 690 1259 770 tamquam
1281 677 1432 753 homines

259 793 404 860 audiant.

299 897 391 976 Quae
421 896 534 978 paucis
564 895 672 961 verbis
703 896 760 962 dat
780 894 963 961 Macrobius
985 899 1121 973 (saturn.
1145 898 1195 977 1);
1217 898 1432 978 Praeceptum

258 1006 306 1068 est
326 1001 570 1085 philosophiae:
592 1001 637 1068 sic
658 1002 856 1085 loquendum
878 1021 948 1066 esse
967 1020 1041 1066 cum
1052 1001 1250 1082 hominibus,
1262 1005 1431 1083 tamquam

260 1107 304 1173 dii
326 1107 480 1184 audiant;
501 1106 547 1171 sic
568 1125 642 1172 cum
663 1106 743 1188 diis,
765 1109 936 1189 tamquam
958 1107 1107 1173 homines
1128 1107 1274 1173 audiant.

300 1213 390 1279 Haec
410 1213 554 1280 Senecae
574 1213 676 1277 verba
695 1212 763 1276 vim
785 1216 883 1294 atque
905 1212 1102 1278 sententiam
1124 1213 1242 1277 horum
1264 1213 1340 1276 XXI
1359 1231 1432 1277 vcr-

260 1337 356 1384 suum
383 1321 486 1382 totam
509 1319 541 1382 et
563 1317 723 1398 integram
742 1317 904 1395 reddunt5
925 1336 1070 1407 quorum¹
1086 1318 1247 1400 quosdam
1268 1337 1341 1382 cum
1363 1316 1433 1382 aliis

259 1424 356 1504 locis,
377 1441 458 1505 quos
479 1421 602 1504 passim
623 1441 641 1486 θ
663 1421 787 1488 Seneca
808 1420 929 1503 collegi,
952 1421 1099 1487 conterre
1120 1422 1211 1489 haud
1227 1421 1339 1487 inutile
1352 1419 1433 1486 mihi

262 1527 413 1607 videtur,
436 1547 462 1592 e.
476 1546 504 1609 g.
517 1548 524 1592 :

302 1632 377 1698 Sen.
399 1633 440 1696 de
459 1631 567 1697 benef.
589 1632 638 1696 Vl.
660 1632 707 1696 38.
730 1631 764 1696 in
785 1630 870 1697 fine:
892 1630 999 1709 Quam
1020 1632 1123 1697 multa
1144 1635 1221 1697 sunt
1237 1635 1324 1711 vota,
1345 1651 1430 1714 quae

262 1739 361 1804 etiam
381 1739 442 1804 sibi
463 1737 558 1803 fateri
578 1737 699 1819 pudet!
721 1756 821 1818 quam
842 1757 967 1819 pauca,
989 1756 1074 1819 quae
1094 1737 1201 1804 facere
1226 1757 1337 1804 coram
1352 1740 1434 1803 teste

263 1843 444 1927 possimus!

302 1948 376 2014 Sen.
398 1949 439 2012 de
460 1946 566 2012 benef.
588 1947 624 2012 ll.
649 1947 674 2012 l.
695 1947 729 2011 in
751 1946 832 2012 fine:
856 1947 939 2013 Vota
962 1946 1110 2012 homines
1131 1947 1260 2028 parcius
1281 1947 1435 2028 facerent,

263 2053 289 2118 si
311 2053 420 2135 palam
442 2052 591 2119 iacienda
612 2054 731 2118 essent.
772 2052 864 2117 Adeo
887 2053 986 2117 etiam
1007 2053 1106 2132 deoS,
1135 2052 1253 2134 quibus
1275 2053 1436 2119 honestis·

262 2158 344 2224 sime
364 2158 593 2248 supplicamus,
607 2157 705 2221 tacite
725 2157 888 2222 malumus
911 2160 943 2221 et
963 2157 1050 2222 intra
1060 2161 1189 2224 nosmet
1200 2157 1288 2241 ipsos
1299 2158 1435 2239 precari.

303 2263 467 2343 Persona,
488 2281 588 2345 quam
609 2261 732 2327 inducit
753 2261 883 2326 Persius
905 2261 940 2325 in
959 2281 1056 2327 versu
1076 2261 1130 2341 8⁰,
1152 2262 1301 2344 precibus
1324 2266 1436 2344 aperte

265 2369 358 2434 editis
379 2369 491 2434 donam
511 2373 642 2432 mentem
663 2370 765 2449 rogat,
787 2367 875 2448 quod
896 2367 1006 2449 lingua
1028 2367 1136 2432 Stoica
1147 2367 1307 2449 significat
1318 2375 1436 2434 rectam

264 2475 332 2541 sive
351 2475 522 2559 perfectam
542 2473 695 2538 rationem
705 2495 718 2553 ;
749 2491 847 2554 quam
871 2491 1070 2554 quemquam
1092 2493 1112 2538 a
1133 2473 1194 2537 deo
1216 2476 1327 2554 petere
1347 2493 1435 2539 com-

264 2581 382 2663 probat
413 2578 539 2645 Seneca
570 2578 603 2643 in
625 2598 674 2664 ep.
696 2579 754 2658 20,
788 2577 952 2659 improbat
975 2579 1009 2642 in
1032 2597 1081 2658 ep.
1102 2578 1163 2659 41,
1184 2599 1285 2661 quum
1307 2579 1436 2645 scribit:

265 2684 358 2750 Facis
388 2703 459 2749 rem
490 2683 668 2764 optimam,
699 2682 726 2746 si
757 2701 947 2763 perseveras
982 2682 1029 2747 ire
1067 2683 1109 2748 ad
1128 2683 1252 2748 bonam
1272 2688 1436 2762 mentem,

266 2808 367 2872 quam
387 2788 522 2852 stultum
543 2790 592 2852 est
612 2789 746 2869 optare,
768 2806 840 2851 cum
862 2787 966 2869 possis
988 2806 1008 2852 a
1028 2791 1060 2852 te
1082 2788 1250 2869 impetare.
1272 2788 1346 2853 lton
1361 2792 1438 2855 sunt

266 2896 309 2962 ad
329 2894 454 2960 coelum
475 2890 814 2971 elevandaemanus,
836 2911 896 2957 nec
918 2892 1101 2958 exorandus
1124 2892 1294 2971 aedituuS,
1316 2898 1352 2958 ut
1373 2913 1433 2959 nos

266 3001 309 3068 ad
330 3018 426 3065 aures
446 2996 627 3076 simulacri,
650 2996 744 3079 quasi
764 2996 868 3078 magis
890 2997 1035 3063 exaudiri
1057 2997 1239 3080 possimuS,
1261 2998 1433 3064 admittat:

265 3125 368 3187 prope
389 3108 438 3169 est
459 3122 479 3168 a
499 3106 532 3168 te
554 3101 653 3180 deus,
676 3105 782 3166 tecum
805 3105 873 3181 est,
896 3102 984 3166 intus
1006 3105 1064 3167 est.

306 3209 405 3276 Stoici
426 3207 513 3272 enim
535 3207 711 3272 censebant
732 3225 753 3270 a
773 3206 930 3288 cuiusque
951 3206 1050 3287 ipsius
1061 3207 1229 3273 voluntate
1240 3208 1434 3290 dependere,

265 3318 376 3380 utrum
396 3313 502 3378 honus
523 3329 593 3376 esse
613 3312 691 3376 velit
712 3329 823 3376 necne.
846 3311 893 3376 uf.
915 3330 989 3393 pag.
1012 3312 1044 3375 lt
1071 3311 1103 3378 h.
1125 3312 1156 3377 d.
1169 3312 1211 3378 ad
1228 3312 1284 3393 15).
1296 3313 1348 3378 Ad
1360 3332 1433 3378 ver-

267 3439 341 3487 sum
362 3419 403 3483 40
423 3418 464 3484 de
485 3416 536 3482 his
557 3416 703 3481 diffusius
724 3416 848 3499 loquar.

306 3524 445 3590 Simulat
464 3522 562 3604 igitur
582 3522 634 3586 ille
654 3521 871 3604 nequissimus
892 3519 981 3602 pium
1005 3524 1037 3587 et
1047 3525 1172 3587 rectum
1183 3522 1360 3604 hominem,
1377 3524 1435 3590 sed

266 3630 339 3716 quis
359 3629 402 3694 sit
421 3647 517 3694 verus
539 3626 607 3692 eius
628 3626 729 3692 animi
749 3629 862 3706 statue,
885 3646 925 3691 ex
935 3626 1082 3691 versibus
1093 3628 1194 3692 9-14
1204 3632 1351 3710 apparet,
1363 3629 1435 3712 qui-

265 3736 328 3802 bus
349 3738 448 3818 poeta
472 3736 550 3798 vola
570 3731 604 3796 in
625 3731 740 3797 intimo
760 3733 891 3814 pectore
912 3732 1081 3798 recondita
1112 3732 1145 3796 in
1177 3733 1281 3798 lucem
1302 3733 1435 3816 profert.

266 3841 313 3907 Ol
342 3840 432 3906 illum
453 3837 650 3921 pessimum,
673 3837 728 3918 qui
749 3839 826 3903 vota
847 3839 917 3902 tam
928 3836 1081 3918 absurda,
1092 3839 1161 3902 tam
1173 3857 1316 3920 nequam
1327 3838 1436 3906 foveat

267 3951 299 4014 et
330 3947 392 4013 deo
423 3945 485 4029 ipsi
512 3944 642 4022 credat;
663 3943 719 4026 qui
741 3942 859 4008 divitiis
881 3962 920 4008 ac
941 3942 1080 4022 talibus,
1101 3963 1260 4025 quaeres
1281 3948 1436 4011 externae

267 4056 362 4133 sunt,
393 4070 428 4117 se
449 4050 572 4116 felicem
595 4049 664 4114 tore
686 4048 866 4114 existimet!
888 4047 992 4126 „Quid
1023 4049 1111 4114 enim
1133 4052 1182 4114 est
1202 4050 1435 4132 praecipuum:

266 4177 334 4224 non
365 4157 537 4223 admittere
568 4157 603 4219 in
634 4155 779 4220 animum
811 4154 899 4219 mala
929 4154 1084 4233 consilia,
1115 4175 1214 4237 puras
1246 4157 1289 4221 ad
1310 4157 1435 4221 caelum

266 4282 384 4330 manus
406 4261 529 4339 tollere,
550 4261 675 4326 nullum
696 4262 808 4342 petere
829 4258 962 4340 bonum,
985 4258 1083 4340 quod,
1104 4263 1140 4324 ut
1162 4260 1205 4325 ad
1226 4264 1258 4325 te
1278 4263 1434 4342 transeat,

268 4367 384 4454 aliquis
395 4367 474 4432 dare
486 4364 593 4447 debet,
605 4363 720 4450 aliquis
738 4363 904 4430 amittere:
926 4365 1050 4447 optare,
1066 4365 1155 4450 quod
1166 4365 1236 4432 sine
1248 4366 1435 4433 adversario
