3382 5056
810 532 850 597 δύ

242 709 381 788 bantur3
413 729 474 776 nec
504 709 625 791 invide,
657 709 746 794 quod
767 709 821 774 alii
842 703 1024 791 augeantur
1043 709 1172 774 divitiis.
1214 707 1276 786 Qui
1296 707 1414 774 invidet

242 815 291 881 bis
322 817 454 897 peccat,
484 814 592 896 primo
622 814 711 898 quod
731 835 766 880 se
787 836 918 880 avarum
939 815 1094 896 praebet,
1115 813 1234 878 deinde
1255 813 1343 896 quod
1363 815 1414 878 in-

241 926 354 1004 gratus
374 922 433 985 est.

283 1025 408 1090 Seneca
438 1024 479 1089 de
509 1025 583 1090 ben.
615 1024 652 1090 ll.
680 1025 739 1089 ao:
772 1024 955 1090 Videndum
977 1027 1025 1089 est
1046 1044 1152 1104 nnnc,
1174 1022 1253 1105 quid
1273 1023 1416 1089 maxime

243 1129 341 1196 faciat
370 1128 523 1210 ingratos,
565 1130 631 1194 Aut
662 1129 782 1194 nimius
807 1129 858 1194 sui
878 1132 1065 1212 suspectum
1088 1131 1120 1194 et
1140 1128 1273 1193 insitum
1293 1130 1416 1193 morta·

242 1234 325 1302 litati
345 1233 480 1312 vitium,
502 1253 537 1299 se
558 1253 683 1316 suaque
704 1234 862 1314 mirandi:
884 1237 941 1299 aut
962 1233 1099 1299 aviditas
1111 1282 1119 1314 ‚
1133 1236 1198 1298 ‘aut
1217 1233 1349 1299 invidia.

282 1338 373 1403 Idem
408 1335 445 1400 ll.
476 1336 535 1401 27:
566 1336 640 1402 Non
662 1338 785 1420 patitur
806 1339 944 1404 aviditas
965 1353 1165 1421 quemquam
1187 1356 1257 1403 esse
1278 1339 1417 1419 gratum.

242 1441 430 1524 Numquam
452 1441 540 1507 enim
560 1442 732 1526 improbae
753 1444 832 1525 spei,
848 1444 1053 1527 quoddam,
1065 1444 1143 1508 satis
1155 1446 1212 1508 est.
1233 1443 1280 1508 llo
1292 1443 1418 1509 maiora

243 1545 410 1629 cupimuS,
436 1565 501 1629 quo
522 1547 649 1614 maiora
668 1551 848 1614 venerunt:
869 1549 1037 1632 multoque
1059 1547 1249 1614 concitatior
1269 1552 1318 1613 est
1339 1567 1417 1616 ava·

241 1652 336 1731 titia,
357 1651 392 1717 in
412 1671 606 1734 magnarum
628 1672 727 1734 opum
748 1642 903 1736 congestu
924 1642 1098 1719 collocata.
1111 1701 1118 1718 .
1132 1701 1140 1718 .
1154 1701 1162 1718 .
1176 1652 1270 1718 Ultra
1280 1672 1315 1718 se
1327 1653 1417 1736 cupi-

243 1757 329 1823 ditas
359 1757 512 1839 porrigit,
544 1761 577 1822 et
607 1758 792 1825 felicitatem
824 1777 918 1826 suam
949 1778 1015 1824 non
1046 1758 1212 1840 intelligit,
1242 1758 1320 1840 quia
1350 1777 1416 1823 non

243 1862 333 1927 unde
354 1862 499 1942 venerit,
520 1862 668 1945 respicit,
689 1864 749 1929 sed
769 1883 834 1947 quo
855 1864 978 1930 tendat.
1008 1862 1167 1930 Omnibus
1178 1863 1229 1928 his
1240 1865 1418 1930 vehemen-

242 1967 307 2033 tius
338 1970 370 2032 et
401 1967 618 2050 importunius
642 1970 766 2034 malum
787 1969 929 2051 invidia,
951 1989 1036 2052 quae
1056 1989 1116 2034 nos
1137 1969 1317 2052 inquietat,
1340 1970 1419 2035 dum

244 2074 424 2154 comparat.

285 2177 360 2242 Sen.
382 2177 423 2243 de
443 2177 551 2244 benef.
571 2178 622 2244 lll.
643 2180 681 2244 3:
702 2178 776 2245 Non
797 2183 905 2262 potest
926 2183 1036 2245 autem
1048 2179 1221 2263 quisquam
1231 2184 1264 2247 et
1274 2181 1420 2248 invidere

245 2284 278 2347 et
298 2283 419 2364 gratias
441 2302 556 2365 agere,
578 2284 657 2366 quia
677 2285 822 2351 invidere
843 2286 1009 2368 querentis
1030 2288 1063 2351 et
1083 2286 1200 2350 moesti
1221 2290 1279 2368 est,
1298 2287 1420 2369 gratias

245 2406 342 2470 agere
363 2388 547 2469 gaudentis.

283 2493 396 2575 Poeta,
419 2512 519 2576 quum
541 2493 587 2559 ait
601 2494 683 2573 ¹‚noli
693 2494 839 2561 invidere
851 2515 1024 2561 causarum
1035 2495 1191 2577 patronis,
1202 2496 1291 2578 quod
1305 2516 1419 2562 eorum

247 2598 347 2663 cellae
367 2598 523 2681 penariae
545 2598 714 2664 abundent
734 2601 923 2666 muneribus
945 2601 1105 2683 congestis
1128 2620 1148 2666 a
1169 2601 1338 2666 clientibus
1361 2601 1419 2667 de-

245 2703 374 2783 fensis”‚
391 2702 472 2768 mihi
492 2702 621 2768 videtur
641 2723 785 2786 monere,
807 2725 849 2770 ne
872 2709 1026 2788 congerat
1046 2706 1108 2771 sibi
1128 2705 1303 2789 discipulus
1313 2709 1351 2771 ut
1365 2707 1419 2772 alii

245 2807 452 2874 defendendo
484 2793 615 2873 clientes
636 2811 810 2891 ampliores
831 2830 926 2894 opem
962 2811 1021 2875 sed
1041 2814 1078 2876 ut
1099 2810 1199 2876 dedat
1219 2831 1254 2876 se
1274 2812 1420 2894 philoso-

245 2914 343 2998 phiae
364 2917 576 2980 contemnens
597 2933 684 2996 opes
716 2916 802 2980 Nam
827 2915 954 2995 „multis
976 2916 1020 2981 ad
1040 2915 1339 2998 philosophandum
1361 2918 1420 2983 ob-

245 3020 356 3086 stitere
387 3019 532 3084 divitiae:
563 3022 740 3103 paupertas
761 3021 915 3103 expedita
936 3025 994 3102 est,
1023 3040 1137 3086 secura
1159 3022 1227 3085 est’'
1258 3020 1347 3104 (Sen.
1370 3042 1419 3104 ep.

247 3124 309 3207 17).
334 3123 459 3206 „Magni
481 3124 581 3189 animi
602 3129 669 3207 est,
691 3145 813 3208 magna
834 3130 1053 3206 contemnere,
1075 3145 1114 3191 ac
1127 3125 1303 3192 mediocria
1314 3127 1421 3208 malle,

246 3248 346 3312 quam
366 3229 477 3294 nimia.
498 3229 555 3294 llla
574 3229 663 3295 enim
682 3230 774 3296 utilia
794 3231 973 3314 vitaliaque
999 3234 1091 3296 sunt:
1114 3234 1148 3297 at
1166 3230 1258 3312 haec,
1281 3250 1320 3297 eo
1332 3232 1420 3315 quod

245 3334 460 3418 superfluunt,
479 3335 617 3400 nocent''
640 3335 727 3413 (Sen.
751 3356 802 3419 ep.
827 3337 888 3415 39).

285 3441 371 3508 Noto
391 3442 453 3506 hoc
473 3440 543 3507 loco
565 3439 689 3506 Stoicos
703 3441 901 3524 distinguere
918 3442 1122 3508 invidentiam
1134 3444 1167 3506 et
1177 3441 1370 3523 invidiam‚e
1391 3461 1420 3525 g.

286 3546 376 3629 Diog.
395 3544 567 3623 Laertvlt
590 3545 667 3611 111:
688 3545 769 3609 δοκεῖ
785 3544 818 3608 δὲ
838 3545 935 3619 αὐτοῖς
956 3546 995 3608 τὰ
1016 3547 1104 3618 πάθη
1124 3550 1232 3624 κρίσεις
1247 3536 1324 3623 εἶναι,
1336 3548 1420 3611 καθά

247 3669 316 3733 φησι
345 3645 524 3729 Χρύσιππος
554 3646 583 3710 ἒν
613 3648 656 3729 πῷ
687 3651 762 3728 Περὶ
793 3659 909 3715 παθῶν·
936 3657 994 3718 cet.
1010 3700 1016 3713 .
1034 3700 1065 3715 .·
1090 3651 1138 3717 καὶ
1159 3651 1214 3718 τὴν
1234 3648 1290 3728 μὲν
1311 3651 1418 3728 λύπην,

248 3746 315 3818 εἶναι
344 3753 493 3821 συστολὴν
512 3755 625 3831 ἄλογον
646 3757 914 3825 (irrationabilem
937 3757 1038 3823 animi
1059 3757 1338 3833 contractioneml·
1360 3757 1421 3832 atla

248 3858 282 3923 δὲ
313 3859 416 3936 αύτής,
448 3858 539 3934 ἔλεον,
568 3860 689 3941 φθόνον,
712 3862 803 3939 ζῆλον
825 3867 885 3928 cet.
979 3860 1060 3923 ἔλεον
1080 3859 1135 3940 μὲν
1156 3851 1203 3922 οὖν
1224 3851 1290 3923 εἶναι
1311 3862 1419 3941 λύπην,

248 3967 287 4038 ὡς
317 3963 364 4027 ἐπὶ
391 3963 513 4045 ἁναξίως
541 3972 772 4030 κακοπαθοῦντι·
800 3969 908 4048 φθόνον
931 3967 1009 4049 (Cio.
1024 3968 1250 4049 invidentiam)
1272 3965 1305 4029 δὲ
1326 3967 1422 4042 λύπην

248 4071 296 4135 ἐπ’
318 4071 485 4147 ἀλλοτρίοις
511 4070 648 4149 ἀγαθοῖς·
685 4073 776 4150 ζῆλον
796 4070 848 4149 δὲ,
871 4072 968 4146 λύπην
988 4071 1036 4134 ἐπὶ
1058 4080 1100 4134 πῶ
1121 4073 1207 4154 ἄλλῳ
1234 4083 1364 4149 παρεῖναι
1384 4064 1422 4134 ὧν

247 4175 338 4250 αύπύς
358 4173 507 4255 ἐπιθυμεῖ·
541 4183 601 4244 cet.

289 4283 354 4351 Cio.
385 4286 465 4350 tusc.
495 4283 546 4350 lV.
576 4284 634 4350 78:
665 4285 832 4351 Utendum
863 4287 913 4350 est
933 4283 1021 4350 enim
1042 4283 1181 4350 docendi
1202 4303 1300 4352 causa
1320 4285 1421 4353 verbo

247 4390 356 4460 minus
386 4389 526 4474 usitato,
552 4390 708 4476 quoniam
730 4389 853 4458 invidia
873 4389 995 4457 nonin
1016 4409 1075 4474 eo,
1097 4390 1153 4475 qui
1172 4390 1297 4459 invidet
1317 4392 1422 4459 solum
