3402 5056
713 851 895 918 CAPUT
927 851 964 917 11.

676 1099 726 1143 ao
758 1080 1005 1146 sarranatt.
1094 1128 1097 1134 ·

744 1307 938 1320 ——uw

293 1474 533 1555 Argumentum
554 1471 657 1565 huius¹
672 1470 793 1538 satirae
814 1475 872 1549 est,
895 1472 1006 1555 quoad
1017 1475 1143 1552 spectat
1154 1472 1197 1538 ad
1212 1472 1425 1553 Stoam,vota

253 1578 340 1660 vulgi
361 1577 565 1660 spernenda,
587 1576 850 1658 superstitionem
872 1578 1116 1658 damnandam,
1139 1577 1217 1643 deos
1245 1577 1297 1659 pie
1320 1579 1426 1643 colen·

254 1684 313 1750 dos
335 1701 414 1748 esse.
445 1680 616 1759 Quomodo
641 1700 681 1746 ex
705 1685 815 1747 mente
836 1682 1018 1748 Stoicorum
1037 1682 1083 1748 'dii
1101 1682 1427 1763 precandiveneran·

254 1788 353 1870 dique
373 1787 454 1867 sint,
475 1787 557 1852 haec
577 1785 678 1851 satira
699 1789 731 1851 et
752 1806 810 1866 ea,
832 1806 917 1868 quae
938 1787 1071 1870 singulis
1092 1788 1239 1852 versibus
1261 1787 1426 1869 annotavi,

255 1894 423 1960 edoceant.
446 1889 506 1974 (Cf.
529 1895 589 1957 sat.
611 1891 641 1954 X
661 1891 746 1962 Juv.)

296 1999 348 2062 Vs.
370 1997 399 2062 3,
442 1995 554 2061 Funde
584 2017 705 2060 marum
724 1998 824 2080 penio.
856 1996 975 2076 Stoici,
1004 2000 1039 2062 ut
1068 2016 1182 2062 omnes
1203 1996 1271 2063 tere
1293 1997 1428 2081 antiqui,

257 2102 368 2186 genios
389 2121 458 2167 esse
481 2100 676 2176 eredebant;
698 2120 837 2182 quorum
859 2121 996 2167 munera
1018 2106 1051 2168 et
1072 2106 1191 2169 natura
1214 2122 1299 2185 quae
1310 2103 1431 2169 fuerint

257 2227 296 2274 ex
317 2206 366 2272 his
387 2206 464 2272 locis
486 2205 591 2271 citatis
605 2205 791 2288 appareat:
1150 2225 1152 2230 ’

296 2313 384 2395 Diog·
406 2313 512 2376 Laeti.
534 2310 599 2376 th.
623 2312 699 2376 151:
721 2311 798 2372 Φασὶ
808 2312 835 2372 δ’
848 2301 915 2372 εἶναι
936 2312 985 2375 καί
1006 2334 1087 2382 τινας
1108 2313 1251 2390 δαίμονας
1263 2313 1427 2391 ἀνθρώπων

256 2419 448 2496 σνμπόιθειαν
469 2416 606 2497 ἔχοντας,
630 2414 767 2487 ἐπόπτας
789 2425 848 2477 τῶν
859 2417 1047 2494 ἀνθρωπείων
1057 2420 1251 2495 πραγμάτων·
1262 2419 1310 2481 καί
1321 2421 1426 2495 ἥρωας,

256 2523 312 2595 τάς
332 2495 590 2601 ὑπολελειμμένας
611 2530 671 2582 τῶν
691 2523 856 2583 σπουδαίων
878 2527 984 2604 ψυχάς.

296 2629 395 2712 Epict.
418 2648 470 2709 ap.
492 2629 564 2692 Arr.
589 2629 608 2691 ί.
634 2628 689 2692 14:
711 2628 783 2688 ἀλλ’
805 2616 851 2687 οὖν
869 2626 948 2690 οὐδὲν
968 2621 1060 2694 ἧττον
1079 2627 1128 2692 καί
1139 2627 1299 2706 ἐπίτροπον
1310 2630 1429 2708 ἑκάστῳ

256 2735 430 2812 παρέστησε
451 2739 505 2808 (se.
527 2734 540 2792 ό
562 2733 644 2806 Ζεός)
665 2730 717 2791 τόν
738 2731 866 2795 ἑκάστου
886 2734 1011 2811 δαίμονα
1033 2734 1082 2796 καί
1100 2735 1252 2810 παρέδωκε
1270 2735 1429 2815 φυλάττειν

256 2838 344 2900 αότόν
364 2837 456 2918 αότῷ,
478 2838 527 2901 καί
547 2844 652 2898 τοῦτον
672 2837 835 2916 ἀκοίμητον
855 2838 904 2901 καί
925 2838 1184 2915 ἀπαραλόμιστον·
1208 2844 1262 2900 τίνι
1270 2837 1332 2915 γὰρ
1343 2839 1429 2916 ἄλλῳ

256 2950 399 3021 κρείττονι
420 2944 469 3007 καί
489 2943 710 3023 ἑπιμελεστέρῳ
731 2943 837 3025 φύλακι
858 2945 1066 3021 παραδέδωκεν
1084 2944 1325 3023 aproniano-rom
1350 2944 1429 3006 ὥσθ’

203 3102 206 3106 ,
257 3048 329 3110 όταν
356 3055 497 3120 κλείσητε
527 3046 583 3117 τὰς
613 3047 719 3124 θόροις,
753 3047 801 3111 καί
832 3052 942 3112 σκότον
974 3049 1053 3110 ’ένδον
1083 3052 1238 3125 ποιήσητε,
1264 3050 1426 3127 μέμνησθε

257 3154 410 3231 μηδέποτε
431 3153 528 3229 λέγειν
549 3151 593 3212 ὅτι
613 3155 695 3230 μόνοι
715 3150 786 3214 ἐστέ
808 3153 879 3212 ἀλλ’
902 3151 1001 3224 όθεός
1012 3153 1091 3215 ἔνδον
1102 3152 1178 3228 ἐστί,
1201 3154 1428 3232 καίόὺμέτερος

255 3259 368 3336 δαίμων
388 3257 454 3320 ἐστί
474 3263 573 3320 κ.τ.λ.

297 3362 410 3429 Senec.
441 3381 491 3446 ep.
524 3363 562 3427 3:
594 3361 723 3444 Sepone
744 3363 778 3427 in
800 3364 1006 3446 praesentia,
1030 3382 1114 3445 quae
1136 3363 1333 3445 quibusdam
1353 3365 1425 3446 pla·

257 3473 350 3535 cent:
375 3469 549 3550 unicuique
570 3473 719 3534 nostrum
740 3468 966 3551 paedagogum
989 3469 1061 3534 dari
1082 3468 1190 3549 deum,
1211 3488 1279 3534 non
1293 3469 1425 3551 quidem

257 3574 477 3655 ordinarium,
499 3573 557 3639 sed
577 3573 665 3639 hune
684 3571 844 3639 inferioris
865 3579 974 3655 notae,
996 3594 1036 3639 ex
1059 3593 1171 3639 eorum
1182 3593 1330 3655 numero,
1342 3593 1423 3657 quos

257 3679 392 3746 Ovidius
423 3679 469 3744 ait
495 3679 553 3758 ,de
581 3679 677 3761 plebe
698 3680 806 3744 deos''.
838 3679 887 3744 lta
907 3683 1020 3745 tamen
1040 3680 1103 3745 hoe
1122 3698 1263 3762 seponas
1284 3681 1368 3760 volo,
1389 3683 1426 3746 ut

258 3785 444 3852 memineris
465 3787 605 3850 maiores
626 3786 764 3866 nostroe,
786 3784 841 3868 qui
863 3784 1151 3866 erediderunthoo,
1174 3783 1299 3850 Stoicos
1310 3784 1426 3864 fuisse;

257 3890 390 3972 singulis
421 3890 509 3955 enim
540 3889 672 3972 genium
705 3892 737 3955 et
768 3889 929 3956 Junonem
954 3889 1125 3955 dederunt.
1156 3890 1263 3970 (illum
1284 3909 1326 3954 sc.
1348 3890 1425 3956 viris

257 3996 343 4062 hane
363 3996 514 4073 feminis.)

288 4102 344 4166 'Ex
364 4101 414 4167 his
435 4104 526 4183 patet
547 4101 658 4183 genios
680 4121 752 4166 esse
772 4105 947 4183 patronos,
969 4099 1024 4183 qui
1036 4101 1223 4166 hominihus
1234 4102 1278 4166 ad
1288 4101 1426 4168 tutelam

258 4205 326 4272 dati
347 4210 433 4271 sunt.
465 4206 530 4272 Sed
552 4209 583 4272 et
604 4207 707 4272 malos
729 4207 827 4272 tuisse
848 4206 959 4288 genios
981 4206 1091 4271 inveni
1112 4206 1200 4289 apud
1211 4207 1375 4273 Plutarch.
1386 4207 1427 4272 de

258 4313 299 4378 de
320 4312 447 4378 defectu
467 4331 553 4377 orae.
578 4313 633 4378 17:
655 4311 755 4373 Ἀλλὰ
775 4311 902 4393 φοιόλονς
922 4309 978 4389 μὲν
996 4310 1199 4389 δαίμοναςοόκ
1213 4311 1426 4389 Ἐμπεδοκλῆς

258 4419 346 4500 μόνον
367 4417 523 4494 ἀπέλιπεν,
541 4416 623 4478 ἀλλά
634 4415 683 4481 καί
694 4419 829 4479 Πλάτων
849 4415 898 4480 καί
910 4417 1097 4494 Ξενοκράτης
1108 4417 1157 4479 καί
1179 4417 1423 4494 Χρύσιππος.
