3402 5056
862 536 897 602 at

292 718 422 797 partem
445 715 663 796 imperantem
685 718 735 782 vei
757 717 972 799 cogitantem,
1003 716 1091 800 quod
1112 716 1253 782 hominis
1273 715 1372 780 solius
1392 731 1469 795 pro·

293 821 401 901 prium
423 823 489 900 est,
515 841 553 886 ex
575 822 645 902 ipso
667 824 800 888 aethere
822 839 905 903 puro
927 826 959 888 et
980 841 1047 887 non
1069 821 1238 887 commisto
1259 820 1469 885 inhominem

293 925 490 990 descendere
528 929 654 1006 putant.
691 927 803 1008 itaque
823 927 907 991 ratio
928 927 1076 991 divinum
1097 927 1204 1007 ipsum
1227 945 1244 990 e
1266 925 1376 989 divino
1397 925 1468 1005 ipso

292 1029 331 1093 ins
347 1029 442 1093 nobis
464 1032 532 1106 est,
554 1049 655 1112 quum
677 1032 725 1095 vis
747 1031 898 1097 animalis
920 1035 952 1095 et
974 1032 1085 1096 anima
1108 1031 1234 1108 vitalia,
1264 1049 1469 1112 quamquam

295 1134 395 1198 etiam
416 1134 546 1200 divinae
567 1139 663 1215 sunt,
686 1137 773 1218 quod
796 1137 876 1218 deus¹
897 1153 957 1217 per
978 1155 1110 1201 omnem
1123 1135 1295 1200 materiam
1307 1136 1468 1214 penetrat,

294 1243 405 1304 tamen
436 1240 511 1302 non'
535 1259 624 1304 mere
656 1240 786 1304 divinae
818 1241 902 1321 sint,
934 1239 992 1305 sed
1024 1242 1140 1305 eodem
1161 1242 1257 1320 pacto
1279 1258 1317 1302 ac
1339 1237 1468 1302 animus

294 1343 426 1414 mundi,
459 1343 514 1425 qui
546 1344 626 1410 deus
657 1346 725 1410 sive
757 1347 870 1411 aether
902 1366 974 1411 cum
1010 1345 1148 1410 materia
1181 1342 1370 1408 coniunctus
1400 1345 1470 1421 est,

294 1447 403 1516 miuus
424 1467 545 1529 purae,
567 1452 674 1516 minus
695 1456 900 1533 praestantes
913 1453 972 1528 ²⁷).

335 1553 507 1634 Ceterum,
539 1574 624 1637 quae
652 1557 746 1621 nobis
779 1557 901 1621 tradita
922 1559 999 1621 sunt
1019 1557 1060 1621 de
1082 1556 1183 1620 animi
1205 1555 1396 1619 facultatum
1418 1551 1466 1617 di·

295 1657 420 1722 visione
461 1660 550 1740 apud
592 1661 736 1739 Stoicos,
779 1661 914 1725 minime
946 1661 1031 1724 inter
1061 1680 1096 1725 se
1128 1658 1334 1724 conveniunt.
1375 1655 1471 1736 (Vide

296 1765 575 1829 enumerationem
598 1765 686 1845 apud
718 1765 804 1846 Lips.
827 1765 846 1828 l.
868 1766 919 1830 111.
940 1766 1016 1856 diss.
1041 1765 1167 1843 16-17,
1188 1765 1292 1846 phys.)

227 1858 232 1865 ’
335 1867 476 1947 Divisio,
510 1889 595 1951 quae
617 1870 760 1934 maxime
781 1871 871 1935 venit
892 1871 925 1934 in
947 1889 1061 1949 usum,
1084 1873 1132 1936 est
1153 1869 1187 1933 in
1208 1873 1281 1933 octo
1300 1865 1470 1932 facultates

295 1971 363 2036 sive
384 1975 513 2054 gradus
545 1974 628 2039 Sunt
649 1975 793 2057 quinque
815 1992 949 2054 sensuS,
982 1975 1118 2048 facultas
1145 1973 1311 2056 loquendi,
1333 1972 1469 2036 iaeuttas

295 2078 507 2158 procreandi,
541 2098 616 2159 pars
646 2080 811 2160 imperans
843 2081 912 2145 sive
940 2081 1094 2155 rati0²⁸).
1127 2078 1248 2157 Stoici,
1270 2096 1471 2160 quamquam

297 2183 444 2247 animum
464 2183 510 2247 ita
532 2183 722 2249 dividebant
743 2189 775 2248 et
797 2188 884 2248 -ut
905 2185 970 2249 iam
982 2204 1081 2265 supra
1093 2181 1419 2248 commemoravimus
1433 2217 1467 2226 -
1525 2224 1543 2248 .

297 2291 424 2369 partem
456 2287 674 2368 imperantem
702 2309 722 2354 a
743 2293 868 2370 septem
889 2290 950 2354 iltis
971 2290 1018 2352 ita
1039 2289 1299 2369 distinguebant,
1321 2291 1356 2352 ut
1378 2287 1467 2351 iilam

297 2392 463 2473 animum,
486 2395 545 2458 has
566 2395 711 2458 animam
722 2398 887 2474 vocarent,
899 2394 1078 2459 admodum
1090 2398 1202 2458 tamen
1213 2393 1468 2474 perseverabant

297 2497 331 2560 in
362 2498 487 2562 unitate
520 2499 639 2575 animi,
670 2503 706 2564 ut
728 2519 841 2564 omnes
864 2499 925 2562 has
948 2499 1121 2565 divisiones
1142 2517 1184 2562 ne
1205 2502 1314 2578 partes
1336 2496 1468 2579 quidem

297 2621 415 2667 vocare
436 2604 579 2683 velient,
600 2606 659 2670 sed
681 2604 796 2669 modos
814 2609 952 2684 tantum,
974 2605 1092 2688 quibus
1102 2622 1178 2686 pars
1190 2602 1290 2667 animi
1302 2601 1470 2667 rationalis

299 2712 465 2789 appareat.
497 2709 545 2772 tta
566 2727 680 2774 sensus
701 2711 832 2775 videndi
855 2714 902 2774 est
924 2711 1057 2788 aether,
1079 2709 1134 2792 qui
1152 2711 1276 2789 aparte
1288 2707 1470 2788 imperante

299 2812 400 2876 animi
421 2812 464 2878 ad
485 2814 614 2878 oculum
635 2815 778 2895 pertinet
799 2814 895 2894 (Plut.
919 2814 960 2877 de
982 2815 1063 2896 plac.
1085 2813 1161 2894 phil.
1185 2813 1234 2876 lV.
1257 2813 1319 2887 al).
1348 2811 1472 2875 Eodem

299 2916 398 2981 modo
420 2919 517 2983 ceteri
539 2939 653 2983 sensus
673 2939 745 2984 sese
766 2920 898 2983 habent.
931 2919 1021 2982 Haec
1044 2917 1144 2982 animi
1161 2917 1268 2981 unitas
1279 2917 1368 2981 nulla
1379 2917 1472 2997 parte

299 3022 484 3104 obloquitur
495 3022 642 3103 decretis,
665 3042 749 3104 quae
767 3028 865 3087 antea
877 3023 1032 3087 diximus:
1055 3023 1199 3086 animam
1212 3020 1343 3085 vitalem
1356 3019 1472 3102 gignie

300 3128 458 3206 materia,
489 3147 629 3211 quacum
662 3127 859 3210 quandoque
898 3128 1069 3192 commista
1099 3127 1159 3202 sit,
1193 3126 1339 3192 animum
1361 3128 1472 3189 autern

299 3233 457 3310 (mentem
478 3235 546 3296 sive
569 3233 744 3314 rationem)
766 3234 855 3298 nasci
867 3254 907 3298 ex
919 3233 1051 3298 aethere
1062 3250 1155 3314 puro.
1177 3231 1227 3295 Re
1238 3231 1299 3295 rite
1310 3247 1473 3312 perpensa

300 3340 333 3402 et
353 3338 464 3402 anima
486 3342 518 3401 et
539 3357 632 3402 mens
653 3342 792 3420 utraque
814 3339 927 3404 aether
949 3341 998 3402 est
1019 3337 1086 3400 sive
1107 3355 1184 3416 pars
1206 3336 1269 3400 dei.
1297 3336 1395 3412 Daue,
1417 3333 1473 3415 qui

300 3441 406 3508 torma
427 3444 540 3508 aether
561 3426 661 3525 purus
682 3464 781 3525 supra
802 3446 950 3509 nostrum
972 3445 1084 3507 orbem
1106 3442 1253 3520 habitat,
1275 3441 1389 3504 e'adem
1412 3458 1476 3504 na-

300 3551 375 3612 tura
405 3549 516 3612 divina
548 3553 595 3613 est
623 3568 662 3613 ac
689 3550 822 3628 aether,
845 3549 901 3630 qui
921 3548 1079 3612 materiae
1102 3567 1136 3611 se
1157 3544 1286 3610 miscuit
1326 3545 1473 3626 Utraque

301 3652 396 3733 igitur
427 3655 529 3717 nostri
561 3654 661 3717 animi
689 3673 766 3735 pars
788 3673 827 3717 ex
849 3653 993 3717 eiusdem
1016 3652 1146 3715 divinae
1166 3653 1304 3714 naturae
1326 3649 1473 3730 partibus

300 3757 439 3838 prodiit3
461 3759 548 3823 hanc
569 3758 611 3821 ob
632 3777 702 3822 rem
725 3761 757 3823 et
778 3758 906 3822 animus
928 3757 1082 3821 etanima
1093 3757 1126 3820 in
1138 3774 1240 3820 unum
1253 3753 1386 3834 congrui
1397 3771 1472 3832 pos-

301 3865 395 3940 sunt;
426 3862 500 3927 ideo
522 3883 652 3945 quoque
675 3863 788 3927 aether
809 3883 930 3944 purus,
951 3861 1072 3944 quippe
1094 3861 1150 3942 qui
1170 3862 1261 3924 ortus
1282 3861 1331 3922 est
1352 3877 1392 3921 ex
1413 3876 1472 3922 no·

300 3967 414 4032 biliore
436 3968 487 4031 dei
508 3970 621 4048 parte,
644 3968 818 4048 imperabit
839 3967 931 4032 alteri
952 3966 1054 4030 nostri
1075 3965 1179 4047 parti,
1201 3983 1296 4045 quae,
1317 3963 1473 4026 licetarc·

300 4071 423 4134 tissime
445 4091 518 4136 cum
530 4073 669 4136 materia
681 4072 861 4150 coniuncta,
876 4076 986 4135 tamen
998 4071 1111 4150 etipsa
1123 4069 1253 4134 divinae
1264 4070 1401 4132 naturae
1413 4070 1472 4132 est.

302 4174 423 4253 Quodsi
445 4197 595 4258 quaeras,
616 4177 700 4241 sitne
723 4177 849 4242 animus
871 4180 982 4241 noster
995 4175 1197 4252 immortalis,
1219 4173 1385 4254 reputanti
1397 4191 1473 4238 eum

303 4280 421 4360 partim
445 4300 484 4345 ex
506 4283 637 4346 aethere
650 4298 732 4362 puro
743 4283 862 4362 partim
875 4301 915 4347 ex
926 4281 1036 4347 animo
1047 4279 1161 4344 mundi
1172 4279 1381 4360 desumptum
1394 4297 1473 4357 esse,

303 4385 436 4450 obvium
458 4387 518 4451 erit
545 4388 751 4467 respondisse
777 4389 819 4451 ob
841 4389 875 4451 id
895 4388 1002 4468 ipsum
1023 4405 1098 4451 eum
1120 4385 1154 4449 in
1175 4383 1338 4449 communi
1359 4382 1473 4447 mundi
