3402 5056
801 538 840 602 aa

231 715 484 798 conflagratione
506 718 592 783 idem
614 732 799 798 passurum,
822 719 910 800 quod
933 736 1005 782 cum
1028 720 1133 782 totum
1153 716 1313 782 mundum
1333 722 1404 783 tum

230 821 372 902 singulas
393 823 488 887 huius
508 827 637 904 partes,
661 823 814 887 nimirum
836 827 869 886 et
885 823 1011 886 animos
1023 825 1152 887 nostros
1164 823 1341 905 aliquando
1351 842 1404 887 so·

231 926 336 991 lutum
357 926 395 990 iri
416 926 449 991 in
471 929 607 992 aethera
628 945 747 1007 purum
764 927 832 991 sive
843 927 877 990 in
888 927 986 992 deum
998 929 1031 992 et
1041 928 1203 992 redituros
1216 927 1259 992 ad
1271 928 1404 1006 fontem,

230 1031 318 1095 unde
339 1030 492 1114 quicquid
514 1032 654 1097 aetheris
676 1035 724 1096 est
745 1031 902 1112 originem
924 1031 1025 1096 duxit.
1047 1031 1176 1112 Negant
1199 1032 1295 1112 igitur
1306 1031 1406 1096 Stoici

230 1136 373 1216 singulos
394 1137 520 1200 animos
542 1156 599 1217 per
620 1156 654 1201 se
676 1157 713 1200 ac
731 1141 891 1217 perpetuo
904 1155 1226 1217 permansurosesse.
1248 1136 1405 1202 Attamen

232 1240 417 1322 quaeritur,
449 1241 528 1321 quid
555 1245 587 1304 et
609 1241 663 1305 ubi
686 1242 788 1304 acturi
810 1241 875 1305 sint
904 1241 1003 1305 animi
1018 1257 1087 1321 'per
1109 1241 1253 1306 medium
1275 1242 1405 1322 tempus

232 1344 309 1409 inde
341 1349 487 1410 amorte
508 1364 611 1428 usque
643 1346 686 1410 ad
717 1347 1006 1427 conflagrationem
1027 1346 1151 1410 mundi.
1191 1345 1406 1428 Respondent

232 1447 332 1513 Stoici
352 1449 478 1515 animos
499 1449 534 1515 in
555 1469 595 1514 ea
615 1450 756 1515 universi
780 1451 912 1532 regione
933 1470 1184 1530 permansuros,
1205 1451 1239 1514 in
1261 1469 1347 1533 qua,
1368 1453 1405 1515 ut

233 1553 388 1635 cuiusque
404 1555 445 1617 sit
466 1559 585 1620 natura
605 1556 708 1636 magis
731 1555 879 1620 minusve
900 1574 992 1636 pura,
1014 1556 1138 1620 versari
1159 1555 1263 1620 detur.
1294 1555 1405 1619 Animi

233 1657 330 1739 igitur
360 1659 532 1723 stultorum
564 1659 648 1724 circa
678 1660 828 1741 regiones
858 1661 1028 1725 terrestres
1048 1660 1206 1737 volitant,
1228 1678 1330 1741 quum
1350 1679 1404 1724 sa·

234 1763 397 1843 pientibus
419 1782 607 1828 concessum
629 1767 686 1840 est,
708 1764 839 1845 regione
861 1764 944 1829 aeris
966 1766 1143 1845 permeata,
1166 1764 1291 1829 aetheri
1310 1782 1404 1844 pur0,

233 1871 370 1933 naturae
391 1869 487 1932 simili
509 1869 640 1949 propius
661 1868 818 1933 accedant
842 1868 919 1948 (Cic.
941 1869 1036 1933 Tusc.
1061 1869 1086 1932 l.
1111 1871 1157 1933 18.
1178 1872 1272 1951 sqq).

274 1972 399 2037 Deinde
431 1974 529 2038 Stoici
560 1977 727 2054 statuunt,
760 1975 906 2038 animum
942 1977 1190 2054 permanentem
1218 1974 1252 2038 in
1273 1975 1405 2038 aethere

235 2080 267 2141 et
288 2078 321 2142 in
343 2097 437 2156 aere,
464 2082 642 2160 antequam
662 2079 776 2143 mundi
797 2078 1051 2159 conflagratione
1072 2078 1106 2142 in
1127 2079 1225 2143 deum
1248 2078 1404 2143 dissolva-

163 2240 169 2252 ,
235 2186 306 2260 tur,
328 2183 490 2261 purificari
513 2186 545 2247 et
566 2183 743 2248 emendari.
776 2183 890 2265 ltaque
911 2183 1009 2247 Stoici
1029 2183 1164 2248 credunt
1175 2183 1321 2248 animum
1331 2184 1406 2264 post

234 2290 375 2350 mortem
396 2305 494 2368 porro
517 2287 637 2352 erudiri
659 2291 691 2351 et
712 2286 879 2369 proficere.
911 2287 1078 2368 Expressis
1099 2288 1206 2353 verbis
1223 2289 1286 2353 hoc
1297 2290 1407 2352 censet

235 2392 379 2471 Seneca,
401 2393 490 2457 cuius
512 2395 598 2458 locos
610 2394 722 2457 laudat
733 2393 859 2474 Lipsius
872 2393 975 2474 (phys.
989 2391 1037 2456 lll.
1053 2393 1110 2468 14).
1133 2393 1180 2457 lix
1192 2391 1405 2457 fundamento

234 2496 455 2578 physiologiae
486 2497 607 2562 stoicae
643 2497 805 2575 ,animum
836 2498 1018 2562 humanum
1049 2499 1177 2578 partem
1211 2517 1282 2562 esse
1304 2497 1405 2561 animi

235 2601 348 2664 mundi
368 2601 436 2666 sive
458 2603 588 2666 divinae
608 2605 765 2680 naturae,
796 2605 828 2667 et
850 2601 919 2666 eius
940 2602 1045 2666 solum
1066 2602 1166 2665 finem
1188 2622 1267 2682 esse,
1289 2605 1326 2667 ut
1346 2602 1405 2666 ali-

153 2736 155 2740 >
235 2705 367 2786 quando
398 2725 471 2770 cum
503 2707 566 2770 deo
596 2727 631 2770 se
663 2706 858 2787 coniungat,
891 2710 924 2770 et
950 2708 1038 2770 totus
1074 2725 1147 2770 cum
1169 2725 1208 2770 eo
1236 2706 1404 2772 coalescat'

234 2809 356 2892 optime
398 2809 576 2875 illustratur
607 2811 804 2892 contemptio
837 2811 891 2875 illa
921 2830 1030 2876 rerum
1061 2812 1301 2891 humanarum,
1340 2831 1406 2894 qua

235 2915 341 2979 ethica
361 2916 462 2980 stoica
483 2917 612 2996 penitus
633 2917 760 2982 imbuta
782 2918 838 2980 est.
871 2916 937 2980 Nec
957 2919 1087 2997 mente,
1108 2936 1168 2981 nec
1189 2918 1321 2996 animo,
1342 2936 1402 2983 nec

235 3038 369 3100 corpore
391 3021 479 3085 aliud
500 3021 646 3086 valemus
667 3022 728 3084 nisi
750 3023 847 3101 prout
868 3024 978 3100 partes
1000 3023 1033 3084 et
1052 3021 1202 3086 membra
1212 3020 1323 3104 magni
1334 3039 1406 3086 cor·

235 3124 324 3204 poris
356 3124 478 3203 divini,
512 3126 567 3207 qui
599 3129 648 3190 est
669 3127 738 3205 ipse
759 3125 905 3188 mundus
927 3123 1028 3189 vivus
1060 3125 1104 3189 Ut
1126 3125 1283 3190 membris
1303 3128 1406 3191 nostri

233 3230 375 3309 corporis
396 3249 462 3293 non
485 3233 534 3294 est
553 3249 613 3294 sua
633 3230 692 3294 sibi
716 3230 803 3305 vita,
826 3248 893 3293 non
917 3247 1012 3293 suum
1037 3229 1230 3310 arbitrium,
1252 3231 1405 3296 itanobis

234 3334 403 3414 tamquam
426 3335 580 3398 membris
602 3335 745 3416 corporis
766 3333 867 3398 divini
887 3334 949 3398 hoc
970 3334 1075 3398 solum
1091 3353 1210 3399 munus
1222 3335 1335 3400 datum
1347 3338 1405 3415 est,

234 3441 269 3500 ut
291 3437 336 3501 illi
357 3437 580 3502 inserviamus.

724 3624 918 3632 -———--—

274 3755 468 3837 Priusquam
489 3756 564 3821 huic
585 3757 682 3838 capiti
702 3755 802 3820 finem
824 3755 1040 3838 imponimuS,
1061 3760 1209 3836 superest
1227 3758 1264 3820 ut
1274 3755 1403 3822 tertiam

235 3863 362 3941 partem
393 3861 617 3943 philosophiae
648 3860 769 3925 stoicae
791 3859 895 3925 obiter
919 3863 1101 3941 tangamus.
1133 3860 1266 3942 Logices
1287 3879 1405 3925 munus

236 3968 285 4029 est
305 3969 359 4044 ut,
382 3970 550 4048 tamquam
573 3970 657 4030 testa
677 3984 776 4029 ovum
797 3964 848 4029 vel
868 3967 1019 4045 saeptum
1039 3965 1233 4046 pomarium,
1252 3965 1299 4030 ita
1318 3968 1404 4030 cete-

235 4089 289 4135 ras
309 4075 420 4152 partes
440 4071 635 4149 nobiliores,
656 4069 823 4152 physicam
846 4071 879 4134 et
901 4069 1041 4135 ethicam
1062 4072 1176 4133 contra
1201 4069 1405 4134 hostiumin-

235 4175 334 4240 iurias
356 4180 387 4240 et
408 4176 548 4257 impetus
569 4177 708 4239 tueatur.

276 4281 440 4346 Primores
461 4282 546 4345 inter
568 4280 702 4359 Stoicos
725 4278 944 4361 Chrysippum
962 4297 1041 4360 prae
1053 4277 1133 4359 aliis,
1144 4277 1322 4358 impensius
1332 4278 1407 4344 huic

238 4385 462 4466 philosophiae
494 4386 579 4465 parti
601 4403 735 4466 operam
756 4382 884 4449 dedisse
905 4401 1002 4448 nemo
1023 4382 1125 4448 nescit
1145 4383 1197 4448 vel
1218 4403 1236 4447 e
1256 4384 1405 4464 specimi-
