3402 5056
792 507 831 568 30

221 685 322 766 atque
341 683 495 748 rationem
516 687 643 749 constat
661 683 818 750 artificem
828 685 932 751 videri
944 686 1175 752 universitatis.
1195 686 1293 751 Hunc
1304 685 1392 752 enim

221 788 309 854 Zeno
340 787 536 854 determinat
557 787 795 869 factitatorem,
822 790 878 872 qui
900 796 1016 856 cuncta
1037 792 1071 857 in
1092 791 1304 874 dispositione
1326 792 1394 857 for-

223 891 383 971 moverit,
408 893 549 960 eundem
570 897 602 958 et
622 894 727 959 fatum
747 895 855 960 vocari
878 898 912 959 et
932 896 1046 976 deum,
1069 899 1101 963 et
1122 898 1269 963 animum
1290 896 1391 976 lovis,

211 1000 257 1065 ,et
272 997 498 1064 necessitatem
509 998 656 1064 omnium
666 1019 787 1080 rerum,
799 1002 858 1065 cet.
880 1001 1111 1076 (Tertullianus
1122 1002 1157 1066 in
1169 1002 1394 1085 apologetico).

265 1137 302 1148 -
324 1123 365 1170 ea
394 1103 515 1169 scilicet
546 1105 799 1183 consuetudine,
830 1125 897 1188 qua
917 1107 1022 1173 solent
1043 1108 1153 1173 lovem
1174 1126 1235 1190 pro
1257 1108 1319 1173 deo
1341 1127 1396 1173 ac·

226 1207 333 1290 cipere
353 1195 476 1285 (Stoici)
495 1210 654 1286 (Lactant.
677 1210 699 1275 l.
721 1229 747 1274 c.
769 1210 818 1274 lV.
842 1213 884 1290 9).

264 1311 350 1391 Quid
381 1314 468 1379 enim
501 1314 590 1380 aliud
621 1318 670 1379 est
696 1317 836 1396 natura,
861 1335 962 1399 quam
984 1316 1084 1397 deus,
1106 1319 1138 1382 et
1162 1317 1274 1382 divina
1294 1317 1397 1396 ratio,

223 1418 284 1484 toti
314 1418 438 1486 mundo
466 1422 499 1485 et
518 1419 666 1501 partibus
688 1419 756 1485 eius
778 1418 927 1486 inserta?
958 1421 1091 1499 Quoties
1111 1422 1221 1503 voles,
1242 1423 1301 1488 tibi
1324 1424 1398 1488 licet

225 1522 318 1589 aliter
348 1525 435 1589 hunc
466 1527 633 1590 auctorem
653 1543 763 1590 rerum
784 1528 970 1591 nostrarum
992 1527 1209 1608 compellare;
1232 1529 1264 1592 et
1286 1528 1395 1593 lovem

224 1627 315 1694 illum
336 1629 496 1711 optimum
517 1648 557 1694 ac
576 1629 756 1695 maximum
774 1629 836 1712 rite
847 1631 944 1712 dices,
966 1634 998 1698 et
1011 1633 1182 1698 tonantem
1197 1635 1229 1698 et
1239 1635 1396 1698 statorem

226 1735 285 1800 cet
305 1732 394 1813 (San.
416 1733 458 1799 de
478 1734 586 1801 benef.
608 1735 657 1800 Vl.
679 1735 719 1811 7).

265 1837 361 1918 Quod
370 1838 501 1904 Persius
521 1858 588 1905 uno
608 1839 679 1905 looo
701 1843 836 1923 excepto
857 1860 987 1923 semper
996 1841 1118 1924 ubique
1132 1841 1172 1906 de
1184 1840 1246 1905 diis
1257 1840 1399 1922 loquitur

226 1962 294 2010 non
311 1944 435 2025 dedeo,
456 1963 523 2010 non
543 1948 705 2026 repugnat
724 1945 845 2012 rationi
865 1946 993 2012 stoicae.
1015 1946 1138 2012 Omnes
1151 1945 1238 2011 enim
1250 1949 1398 2012 auctores

227 2050 339 2132 stoici,
360 2069 561 2132 quamquam
582 2051 743 2116 unitatem
764 2051 817 2116 dei
836 2051 905 2116 sive
926 2045 1082 2117 unionem
1095 2050 1273 2116 divinitatis
1285 2041 1398 2122 deten-

228 2155 327 2229 dunt,
357 2155 480 2238 passim
501 2155 639 2220 deorum
659 2156 861 2221 mentionem
882 2156 1014 2222 faciunt.
1056 2155 1160 2221 Variis
1182 2155 1318 2220 deorum
1339 2173 1400 2219 no·

227 2260 370 2327 minibus
390 2279 457 2325 non
478 2259 540 2324 nisi
561 2261 653 2327 varia
674 2280 812 2327 munera
834 2261 887 2325 dei
908 2261 1104 2343 exprimunt,
1124 2265 1161 2325 ut
1180 2259 1401 2325 iamanteain

226 2370 321 2450 parte
343 2365 439 2432 huius
460 2365 715 2448 dissertationis,
737 2367 771 2432 in
792 2387 857 2449 qua
872 2366 1109 2449 physiologiam
1121 2365 1303 2432 Stoicorum
1314 2367 1400 2432 trac-

228 2457 316 2554 tavi,
338 2471 484 2538 disserui.
506 2471 601 2554 (Vide
621 2491 694 2554 pag.
720 2472 770 2552 15)

267 2579 317 2643 En
356 2577 459 2642 habes
488 2575 592 2646 verba
623 2577 695 2658 ipsa
722 2576 842 2642 Laertii
874 2577 1036 2659 descripta
1057 2577 1137 2657 (Vll,
1160 2577 1250 2658 llll:
1283 2566 1348 2636 εἶναι
1369 2572 1401 2636 δὲ

227 2679 356 2760 τὸνμὲν
380 2684 435 2761 (sc.
457 2679 539 2756 ecto)
559 2679 737 2758 δημιουργὸν
757 2689 816 2742 τῶν
837 2679 923 2754 ὅλων,
945 2681 994 2745 καὶ
1015 2681 1116 2759 ὥσπερ
1138 2683 1255 2759 πατέρα
1281 2684 1402 2742 πάντων

227 2795 327 2859 κοινῶς
356 2807 403 2863 τε,
435 2787 484 2850 καὶ
515 2784 550 2847 τὸ
581 2787 670 2863 μέρος
703 2786 792 2847 αὐτοῦ
823 2784 859 2847 τὸ
890 2787 985 2854 διῆκον
1016 2786 1063 2848 διὰ
1084 2789 1216 2860 πάντων,
1239 2788 1403 2856 trottae

227 2896 438 2970 προσηγορίαις
458 2893 716 2968 προσονομάζεται
736 2891 817 2955 κατὰ
838 2891 895 2962 τὰς
918 2893 1064 2968 δυνάμεις.
1090 2892 1278 2974 Sequuntur
1290 2891 1403 2956 variae

229 2998 463 3080 appellationes
485 3015 663 3079 earumque
685 2997 916 3078 explicationes
938 3016 964 3061 e.
979 3016 1025 3077 g:
1046 2999 1124 3066 Ζῆνα
1136 2994 1169 3058 δὲ
1180 3002 1315 3071 καλοῦσι,
1332 2983 1403 3070 ’παρ’

230 3101 299 3163 ὅσον
319 3108 373 3163 τοῦ
393 3103 446 3179 ζῆν
466 3102 555 3172 αἴτιός
576 3100 657 3162 ἐστιν
677 3099 694 3169 ἢ
715 3101 763 3163 διὰ
783 3107 836 3162 τοῦ
857 3103 910 3178 ζῆν
930 3102 1109 3182 κεχώρηκεν.
1148 3103 1402 3184 Nonnumquam

231 3207 351 3288 Stoici,
375 3206 483 3273 studio
505 3206 644 3272 ducendi
665 3206 836 3272 nominum
856 3207 1064 3290 propriorum
1085 3210 1118 3273 et
1138 3206 1285 3272 omnium
1305 3223 1403 3271 voca·

231 3312 384 3379 bulorum
404 3311 564 3393 origines,
588 3330 696 3377 meras
717 3331 821 3395 nugas
843 3314 877 3377 et
896 3311 1036 3393 ineptias
1058 3312 1241 3377 ediderunt.
1281 3310 1402 3375 Notum

148 3478 151 3484 ,
232 3421 281 3485 est
311 3416 390 3483 illud
413 3416 604 3482 'Tullianum
631 3416 825 3501 ,Oppidum,
855 3420 890 3483 ut
910 3416 1018 3482 imiter
1039 3416 1178 3499 ineptias
1200 3415 1402 3496 Stoicorum,

236 3523 324 3607 quod
345 3541 441 3605 opem
463 3522 588 3588 daret’'.
1383 3552 1386 3556 ·

272 3626 499 3694 Libentissime
520 3628 737 3694 versabantur
757 3628 792 3693 in
812 3626 948 3694 historia
968 3627 1132 3709 mythice,
1165 3626 1255 3692 ouius
1275 3626 1403 3692 fabulas

233 3734 402 3817 allegorice
431 3732 743 3815 interpretabantur.
789 3733 959 3814 ,Magnam
987 3731 1129 3814 suscepit
1149 3731 1350 3812 molestiam,
1371 3733 1404 3797 et

232 3840 367 3906 minime
397 3838 635 3919 necessariam,
667 3838 755 3904 Zeno
786 3838 928 3920 primus,
959 3838 1034 3919 post
1065 3835 1259 3917 CleantheS,
1285 3835 1403 3902 deinde

233 3946 452 4029 Chrysippus,
485 3943 782 4012 commentitiarum
802 3943 988 4009 fabularum
1008 3942 1146 4007 reddere
1167 3942 1346 4022 rationem,
1371 3945 1404 4008 et

232 4053 486 4131 vocabulorum,
519 4069 576 4116 cur
606 4049 750 4132 quidque
778 4050 824 4114 ita
845 4047 1045 4130 appellatum
1066 4047 1128 4128 sit,
1150 4065 1281 4113 caussas
1302 4046 1403 4128 expli-

107 4135 110 4143 ¹
233 4160 327 4228 care’'
349 4158 427 4236 (Cic.
449 4158 490 4222 de
511 4159 577 4222 nat.
601 4156 691 4222 deor.
712 4156 761 4221 ltl.
784 4154 894 4235 aliua).

272 4263 341 4330 Usu
372 4262 478 4343 docti,
510 4280 611 4344 quum
642 4260 736 4326 multi
768 4259 829 4326 viri
861 4259 1024 4341 sapientes
1055 4257 1234 4326 deridendo
1256 4256 1404 4340 tabulas,

233 4389 319 4462 quae
349 4371 390 4437 de
412 4368 473 4437 diis
496 4367 686 4452 deabusque
707 4366 803 4450 vulgo
825 4365 1044 4434 credebantur
1066 4368 1099 4432 et
1119 4364 1270 4432 omnibus
1291 4364 1325 4430 in
1346 4383 1403 4431 ore
