3382 5056
848 559 886 624 77

277 757 389 806 coram
419 740 474 806 illo
505 755 572 805 non
592 741 705 820 putem
726 739 859 805 solum?
895 739 1058 821 Quidam,
1080 757 1166 822 quae
1185 741 1315 805 tantum
1336 737 1449 806 amicis

279 845 513 911 committenda
544 847 640 923 sunt,
679 845 782 909 obviis
813 848 969 924 narrant,
1012 848 1044 910 et
1075 845 1108 909 in
1141 845 1302 927 quaslibet
1333 864 1449 926 aurea,

277 950 436 1033 quidquid
468 950 538 1014 illos
569 949 655 1029 urit,
688 952 886 1015 exonerant:
910 950 1045 1033 quidam
1066 968 1178 1015 rursus
1200 949 1300 1015 etiam
1321 949 1450 1016 carissi-

277 1073 408 1119 morum
430 1054 661 1120 conscientiam
682 1054 916 1136 reformidant,
938 1057 989 1135 et,
1011 1054 1038 1120 si
1060 1058 1212 1136 possent,
1233 1055 1357 1121 nasibi
1378 1055 1452 1138 qui·

279 1159 354 1223 dem
387 1160 558 1234 credituri,
590 1159 726 1225 interius
756 1163 911 1243 premunt
943 1179 1041 1225 omne
1071 1163 1244 1226 secretum.
1291 1161 1452 1228 Neutrum

277 1265 463 1330 faciendum
485 1267 553 1343 est;
575 1267 750 1347 utrumque
772 1265 858 1330 enim
879 1265 995 1331 vitium
1016 1269 1074 1344 est,
1096 1268 1129 1331 et
1147 1267 1454 1348 omnihuscredere,

279 1372 313 1434 et
332 1370 431 1435 nulli:
453 1370 511 1434 sed
534 1370 674 1435 alterum
694 1370 863 1435 honestius
886 1370 1023 1436 dixerim
1034 1370 1159 1452 vitium,
1182 1371 1452 1456 alterumtutius”

276 1473 367 1555 (Sen-
390 1495 439 1555 ep.
461 1475 503 1550 3).

317 1579 389 1645 Hoc
419 1579 569 1644 ultimum
599 1579 633 1644 in
654 1579 816 1645 amicitia:
849 1583 902 1659 ,ut
920 1600 1008 1666 unus
1029 1580 1088 1646 fiat
1110 1600 1149 1646 ex
1169 1580 1337 1664 pluribus”
1364 1583 1457 1662 (Cic.)

277 1687 376 1767 poeta
405 1686 516 1750 noster
546 1685 684 1768 adeptus
716 1705 786 1751 esse
816 1686 954 1752 videtur.
1003 1686 1075 1751 Tali
1110 1686 1344 1753 consuetudine
1379 1709 1454 1755 cum

278 1789 434 1872 magistro
450 1809 513 1854 suo
534 1807 611 1854 usus
632 1793 682 1854 est
703 1790 853 1871 PersioS,
875 1795 912 1855 ut
934 1793 1042 1856 essent
1057 1790 1204 1868 ,animae
1216 1792 1311 1872 duae,
1322 1791 1452 1859 animus

278 1893 383 1961 unus’'
403 1894 589 1975 (Sidonius),
611 1899 666 1972 pta
687 1895 763 1978 ψυχὴ
783 1895 834 1956 δύο
856 1897 992 1973 σώμασιν
1013 1893 1160 1959 ἐνοικοῦσα
1181 1896 1352 1976 (Atisim).

320 1999 374 2064 Vs.
405 2000 454 2065 al.
486 2000 531 2066 (n.
563 2000 639 2066 Seu.
662 2000 703 2066 de
723 2000 830 2067 benef.
852 2001 902 2067 Vl.
924 2002 984 2066 34:
1012 2003 1048 2067 ln
1068 2005 1200 2085 pectore
1222 2003 1363 2085 amicus,
1386 1989 1455 2071 non

281 2104 316 2169 in
348 2104 430 2169 atrio
463 2105 648 2187 quaeritur;
678 2106 732 2171 illo
753 2106 958 2189 recipiendus
980 2109 1049 2188 est,
1070 2107 1133 2172 illio
1152 2106 1343 2174 retinendus
1367 2111 1455 2179 etin

285 2229 399 2275 sensus
420 2210 655 2276 recondendus.

324 2315 377 2380 Vs.
409 2315 449 2380 34
478 2335 549 2398 sqq.
587 2317 672 2399 Lege
704 2336 791 2399 quae
822 2317 977 2383 annotavi
1009 2318 1053 2382 ad
1083 2337 1129 2382 vs.
1159 2317 1280 2383 56-58
1312 2323 1372 2386 sat.
1403 2320 1454 2386 Ill.

283 2419 376 2486 Vitae
397 2419 525 2485 nescius
547 2440 637 2487 error
657 2421 816 2504 significat
833 2421 1031 2504 imperitiam
1042 2425 1074 2486 et
1084 2422 1322 2505 ignorationem
1332 2443 1453 2508 rerum,

283 2545 349 2608 qua
370 2525 442 2608 quis
462 2525 590 2591 nescius
613 2528 670 2605 est,
692 2529 800 2591 utram
821 2527 910 2593 viam
931 2527 1018 2593 vitae
1038 2527 1243 2610 ingressurus
1255 2529 1306 2610 sit,
1325 2529 1454 2597 laevam

283 2630 411 2696 facilem
441 2633 540 2712 atque
566 2631 743 2696 iucundam
765 2631 897 2714 quidem
918 2633 977 2698 sed
999 2633 1170 2699 dueentem
1193 2633 1237 2699 ad
1256 2635 1454 2718 perniciem,

282 2734 432 2800 dextram
462 2737 601 2801 arduam
632 2739 665 2800 et
695 2755 847 2819 asperam
878 2738 937 2803 sed
968 2739 1158 2805 tendentem
1178 2740 1239 2805 sub
1260 2741 1367 2823 ipsam
1388 2742 1455 2808 vir·

283 2841 361 2905 tutis
393 2859 510 2905 arcem.
542 2840 754 2924 Philosophia
780 2843 937 2922 magistra
953 2843 1060 2925 vitae,
1083 2863 1147 2926 quo
1169 2848 1288 2927 etqua
1311 2847 1455 2913 eundum

282 2945 344 3023 sit,
366 2944 469 3010 docet.

322 3051 459 3116 Poetam
490 3050 579 3116 hona
609 3053 728 3116 natura
759 3052 945 3132 praeditum
974 3073 1045 3120 esse
1066 3057 1205 3136 apparet
1226 3075 1266 3120 ex
1287 3075 1346 3136 eo,
1368 3056 1456 3139 quod

281 3156 416 3221 vixdum
448 3155 598 3236 adultuS,
629 3175 730 3238 quum
752 3156 1053 3240 plerique'iuvenes
1073 3159 1142 3224 vita
1163 3159 1324 3241 voluptati
1346 3161 1457 3229 dedita

283 3260 346 3326 frui
368 3263 401 3326 et
421 3260 486 3326 alia
507 3280 603 3342 agere
624 3261 818 3343 intendunt,
840 3267 957 3345 sponte
978 3282 1016 3329 ac
1036 3264 1137 3329 libere
1155 3264 1349 3347 philosopho
1360 3286 1457 3348 prae·

284 3365 484 3431 stantissimo
512 3385 550 3430 ac
570 3364 811 3449 sapientissimo
833 3387 868 3434 se
889 3369 1103 3434 excolendum
1124 3370 1376 3436 commendavit.
1420 3371 1457 3437 Ei

284 3469 383 3550 igitur
404 3471 544 3538 accessio
556 3471 599 3536 ad
609 3472 763 3537 virtutem
774 3472 876 3538 facilis
888 3476 944 3539 aut
956 3475 1081 3540 munita
1093 3475 1210 3540 saltem
1222 3477 1310 3554 erat,
1331 3476 1414 3557 φύσις
1424 3475 1457 3539 δὲ

285 3573 403 3650 εὐγενὴς
423 3582 547 3654 μετρίαν
567 3576 693 3649 ἄσκησιν
714 3575 938 3654 προσλαβοῦσα
959 3577 1007 3640 ἐισί
1016 3600 1051 3640 τε
1062 3577 1114 3640 τὸν
1125 3580 1262 3660 ἀφθόνως
1272 3581 1456 3645 διδάσκοντα

284 3680 387 3762 ῥᾳδίως
407 3680 528 3764 ἔρχεται
548 3679 622 3759 πρὸς
642 3681 697 3749 τὴν
718 3687 835 3744 τελείαν
856 3683 996 3767 ἀνάληψιν
1017 3693 1072 3755 τῆς
1092 3685 1199 3761 ἀρετῆς
1218 3685 1344 3766 (Zeno).

323 3785 375 3850 Vs.
409 3786 456 3851 37.
498 3787 550 3852 Tu
581 3787 725 3853 Cornute
756 3808 809 3853 me
840 3789 1081 3872 philosophiam
1110 3790 1270 3857 moralem
1291 3792 1457 3859 edocuisti.

284 3889 360 3957 Fuit
379 3891 466 3957 Zeno
488 3892 664 3973 Gittiaeus,
685 3913 706 3958 a
727 3912 793 3975 quo
814 3894 913 3960 Stoici
935 3895 1094 3977 originem
1115 3901 1257 3978 sumunt,
1281 3898 1457 3980 discipulus

285 3995 392 4062 Gratis
411 3997 566 4078 thebani,
589 3997 645 4080 qui
667 3998 796 4064 auditor
817 4004 887 4066 erat
908 4000 1060 4082 Diogenis
1082 4001 1273 4084 sinopensis.
1307 4003 1456 4069 HicDio-

285 4119 383 4183 genes
415 4102 540 4167 audivit
572 4101 803 4169 Antisthenem
834 4105 1060 4172 atheniensem
1088 4106 1291 4173 conditorem
1326 4109 1457 4176 scholae

286 4205 436 4290 cynicae,
467 4206 574 4290 ipsum
606 4207 799 4290 discipulum
830 4209 992 4292 Socratis,
1024 4211 1140 4295 qui-
1162 4214 1199 4277 ut
1225 4213 1325 4295 Lipsii
1355 4214 1458 4281 verba

286 4311 468 4378 describam
488 4345 528 4358 -
549 4311 655 4379 ethica
675 4313 874 4397 introduxit,
896 4316 907 4381 i
928 4336 977 4398 e.,
996 4317 1084 4399 quod
1106 4317 1217 4400 aiunt,
1241 4318 1281 4385 de
1303 4319 1392 4386 caelo
1414 4320 1458 4392 ad

285 4421 390 4487 terras
410 4415 651 4502 philosophiam
673 4418 853 4489 devocavit.
1440 4426 1443 4430 ’
