3382 5056
845 546 884 610 47

203 776 207 784 .
277 727 436 807 perpetua
456 725 545 789 illam
566 724 749 788 sollicitudo
768 727 884 804 urguet
902 743 940 788 ac
957 726 1119 801 verberat,
1140 723 1229 805 quod
1240 721 1451 802 sponsoribus

277 829 458 894 securitatis
479 849 558 894 suae
579 849 646 893 non
667 832 776 910 potest
797 829 946 893 credere.
1056 829 1172 893 Multos
1193 827 1323 891 fortuna
1334 825 1450 891 liberat

277 952 402 1014 poena,
434 937 524 997 metu
549 934 715 998 neminem
729 937 787 1006 38).
821 933 956 1010 Quare?
979 934 1055 1014 quia
1075 933 1177 996 infixa
1197 931 1291 994 nobis
1313 929 1382 994 eius
1403 917 1450 994 rei

277 1038 439 1103 aversatio
474 1041 540 1112 est,
574 1059 673 1121 qoam
705 1040 823 1102 natura
854 1037 1032 1102 damnavit.
1068 1039 1144 1102 ldeo
1166 1055 1347 1119 numquam
1368 1034 1450 1101 fides

278 1143 400 1209 latendi
419 1145 457 1207 fit
478 1145 577 1212 eliam
598 1143 774 1206 latentibus
787 1165 798 1206 :·
822 1143 899 1225 quia
920 1143 1066 1223 coarguit
1087 1144 1158 1207 illos
1180 1141 1395 1220 conscientia,
1418 1144 1449 1206 et

277 1247 364 1326 ipsos
395 1248 455 1312 sibi
477 1248 627 1312 ostendit,
660 1248 832 1328 Proprium
855 1249 965 1311 autem
988 1253 1036 1312 est
1057 1247 1244 1312 nocentium
1266 1246 1451 1326 trepidare”

277 1351 365 1428 (Sen.
388 1373 428 1433 ep
459 1353 520 1430 97).

322 1455 528 1533 ,Securitatis
549 1473 670 1537 magna
691 1456 797 1536 portio
820 1459 888 1532 est,
911 1456 990 1520 nihil
1011 1455 1114 1538 iniqui
1133 1455 1249 1520 facere.
1272 1455 1450 1520 Confusam

277 1561 379 1625 vitam
410 1564 442 1624 et
473 1561 700 1642 perturbatam
731 1560 927 1641 impotentes
964 1564 1083 1641 agunt:
1121 1562 1251 1624 tantum
1282 1563 1451 1639 metuunt,

279 1668 437 1748 quantum
469 1668 607 1729 nocent:
639 1684 700 1730 nec
729 1666 794 1729 ullo
826 1668 973 1746 tempore
1002 1669 1130 1729 vacant.
1162 1664 1344 1746 Trepidant
1364 1666 1451 1730 euim

279 1790 352 1834 cum
384 1771 549 1850 fecerunt,
582 1771 740 1848 haerent,
772 1771 969 1834 conscientia
991 1770 1079 1834 aliud
1101 1789 1198 1852 agere
1219 1788 1287 1834 non
1308 1770 1450 1852 patitur,

279 1895 317 1940 ac
348 1875 487 1940 subinde
518 1874 678 1957 respicere
710 1875 753 1938 ad
784 1894 819 1938 se
847 1875 939 1954 cogit.
972 1875 1036 1939 Dat
1057 1893 1200 1955 poenas,
1225 1874 1372 1957 quisquis
1394 1895 1451 1940 ex·

278 1982 419 2062 spectat:
454 1981 599 2061 quisquis
626 1981 736 2043 autem
758 1979 896 2057 meruit,
919 1981 1093 2059 exspectat.
1126 1979 1248 2042 Tutum
1270 1979 1380 2061 aliqua
1400 1998 1452 2044 res

280 2087 314 2149 in
344 2086 433 2150 mala
464 2084 660 2150 conscientia
691 2087 857 2164 praestat,
878 2084 968 2148 nulla
989 2103 1159 2160 securum;
1180 2087 1275 2164 putat
1296 2084 1383 2147 enim
1405 2103 1450 2164 se,

280 2190 407 2254 etiamsi
429 2209 495 2253 non
517 2189 789 2270 deprehenditur,
811 2207 907 2269 posse
929 2189 1148 2269 deprehendi,
1171 2194 1204 2254 et
1224 2188 1309 2253 inter
1319 2208 1451 2254 somnos

280 2298 450 2371 movetur,
483 2298 515 2358 et
546 2293 672 2374 quoties
704 2293 835 2357 alicuius
866 2293 969 2358 scelus
991 2293 1154 2374 loquitur,
1177 2293 1218 2356 de
1239 2313 1298 2357 suo
1322 2294 1406 2374 cogit
1427 2297 1452 2358 t.

281 2399 355 2462 Non
387 2398 466 2462 salis
496 2398 540 2461 illi
562 2397 772 2462 obliteratum
793 2397 940 2467 videtur,
963 2416 1029 2460 non
1050 2397 1129 2461 satis
1150 2400 1281 2461 tectum.
1322 2397 1450 2462 Nocens

282 2503 398 2568 habuit
418 2502 594 2584 aliquando
616 2503 738 2566 latendi
761 2503 942 2566 fortunam:
965 2521 1143 2585 numquam
1166 2503 1339 2568 fiduciam”
1361 2501 1451 2582 (Sen.

278 2627 329 2689 ep.
352 2607 410 2670 105
431 2607 465 2670 in
485 2607 572 2676 fine).

324 2712 435 2790 „Bona
456 2711 651 2788 conscientia
672 2710 804 2775 turbam
826 2710 984 2789 advocat,
1008 2711 1095 2775 mala
1118 2710 1217 2774 etiam
1233 2711 1268 2775 in
1278 2711 1451 2776 solitudine

280 2817 378 2880 anxia
399 2818 498 2896 atque
519 2815 655 2880 sollicita
676 2818 733 2879 est.
766 2814 799 2878 Si
822 2814 961 2879 honesta
982 2818 1077 2894 sunt,
1109 2833 1194 2896 quae
1215 2813 1314 2894 facis,
1337 2834 1451 2880 omnes

276 2921 401 2984 sciant:
436 2921 462 2984 si
493 2920 622 3000 turpia,
656 2919 735 3002 quid
755 2919 855 2984 refert
876 2919 1042 2983 neminem
1063 2919 1163 3000 scire,
1190 2939 1263 2984 cum
1284 2922 1320 2984 tu
1341 2920 1451 2987 scias?

276 3025 324 3091 O!
346 3029 378 3089 le
401 3024 555 3089 miserum
577 3025 604 3088 si
626 3025 806 3089 contemnis
827 3025 914 3088 hunc
936 3027 1053 3088 testem
1066 3025 1083 3054 ''
1104 3024 1192 3097 [Sen.
1215 3045 1264 3104 ep.
1285 3025 1337 3102 43)
1351 3028 1411 3102 39).

317 3129 436 3194 Versus
465 3131 504 3192 35
535 3149 605 3211 sqq.
638 3129 694 3193 alti
727 3133 760 3193 et
791 3148 920 3193 summo
952 3132 1051 3210 poeta
1079 3129 1167 3210 digni
1188 3131 1283 3206 sunt;
1305 3130 1451 3196 sednon

276 3253 358 3315 opus
380 3238 428 3298 est
448 3234 482 3298 in
504 3237 661 3316 tyrannos
683 3234 846 3315 suppliciis
868 3233 930 3298 deo
952 3234 1129 3298 mandatis·
1169 3233 1292 3298 Omnes
1303 3233 1451 3300 homines

277 3340 384 3421 enim,
408 3340 508 3404 eliam
529 3339 741 3421 nequissimi,
761 3338 1056 3416 virtutemvident;
1077 3339 1180 3404 virtus
1203 3340 1324 3420 ,placet
1335 3344 1450 3422 suapte

278 3447 417 3508 natura:
440 3444 587 3526 adeoque
609 3444 751 3525 gratiosa
774 3446 843 3522 est,
864 3448 901 3507 ut
922 3445 1055 3508 insitum
1078 3445 1119 3508 sit
1142 3446 1241 3510 etiam
1262 3445 1356 3510 malis
1375 3465 1451 3526 pro-

278 3551 358 3614 bare
389 3549 607 3614 meliora...
643 3549 821 3614 Maximum
850 3549 912 3613 hoc
934 3549 1096 3614 habemus
1118 3552 1257 3615 naturae
1278 3550 1450 3629 meritum,

278 3655 366 3737 quod
384 3653 488 3718 virtus
509 3654 543 3718 in
565 3655 713 3719 omnium
735 3654 862 3718 animos
881 3655 993 3718 lumen
1014 3672 1110 3718 suum
1134 3655 1311 3735 permittit:
1335 3655 1452 3734 etiarn,

276 3762 414 3842 quinon
435 3766 609 3842 sequuntur
630 3761 738 3838 illurn,
760 3759 883 3823 rideut”
906 3759 994 3838 (Sen.
1017 3759 1057 3822 de
1079 3759 1185 3823 benef.
1208 3759 1258 3822 lV.
1285 3759 1342 3839 17).

316 3864 438 3929 Omnes
469 3864 619 3929 homines
650 3864 827 3942 dolebunt,
861 3864 949 3946 quod
980 3864 1136 3928 virtutem
1164 3883 1231 3928 non
1252 3867 1452 3947 sequuntur,

277 3989 356 4034 nam
387 3968 500 4034 omries
531 3972 648 4050 petunt
681 3969 883 4048 felicitatem,
903 3987 988 4050 quae
1001 3986 1082 4033 mon
1104 3969 1282 4051 acquiritur
1303 3968 1364 4033 nisi
1384 3969 1451 4034 vir·

275 4077 353 4138 tute.
387 4073 627 4139 Conscientiam
648 4074 795 4137 ultricem
817 4073 921 4138 malos
944 4073 1096 4137 mordere
1117 4074 1196 4138 satis
1218 4073 1320 4156 liquet
1334 4076 1450 4156 elocis,

277 4198 359 4262 quos
380 4179 479 4243 modo
501 4178 606 4242 citavi.

264 4316 268 4323 ·
317 4283 593 4360 Kniclrenbergius
608 4287 655 4355 ⁴⁰)
677 4284 737 4347 hos
749 4302 861 4348 versus
873 4283 919 4347 sic
928 4284 1160 4364 interpretatus
1172 4287 1236 4349 est:
1251 4285 1451 4363 ,Pessimum

280 4407 463 4471 quemque,
503 4407 604 4470 quum
643 4387 710 4452 iam
747 4389 854 4454 redire
887 4388 929 4454 ad
960 4388 1115 4453 virtutem
1145 4394 1307 4470 nequeat,
1339 4393 1452 4457 lamen
