3382 5056
730 503 855 571 '87

291 685 344 750 Vs.
365 684 465 765 aaron
489 682 860 765 „tenues'differentias,
882 704 964 767 quas
988 686 1120 768 exigunt
1141 690 1310 770 tempora,
1333 688 1424 767 loca,

251 790 431 872 personae¹'
443 789 532 870 (Seu.
552 809 601 871 ep.
613 789 673 866 94),
694 789 795 855 verbo
806 789 866 855 viri
881 791 1010 856 honesti
1020 792 1191 874 officiaw),
1202 812 1288 876 quae
1299 792 1425 858 hahent

252 896 443 978 praecepta,
476 913 544 958 non
564 894 725 974 praetoris
756 896 824 975 est,
854 894 913 960 sed
943 896 1147 979 philosophi,
1177 897 1234 980 qui
1258 897 1346 962 solus
1365 895 1425 961 tihi

252 1002 360 1082 potest
390 1001 574 1065 monstrare
596 999 704 1080 viam,
735 1018 801 1082 qua
831 1000 1003 1082 pervenire
1030 1002 1134 1082 possis
1164 1001 1207 1066 ad
1228 1000 1424 1084 sapientiam

252 1104 271 1170 i.
294 1124 321 1170 e.
343 1105 386 1171 ad
406 1123 519 1170 veram
540 1108 573 1169 et
593 1105 696 1170 solam
717 1104 920 1185 libertatem,
951 1126 1017 1189 qua
1039 1106 1196 1190 acquisita
1217 1107 1252 1173 in
1272 1108 1335 1173 hac
1356 1107 1425 1174 vita

251 1212 320 1276 tam
341 1209 433 1280 brevi
452 1211 523 1275 tam
543 1209 657 1291 fugace
678 1213 771 1292 potes
792 1210 902 1277 vivere
922 1213 960 1275 ui
980 1211 1039 1277 vis,

291 1313 345 1379 Vs.
366 1315 415 1381 95.
456 1314 587 1379 Meliore
610 1316 728 1380 eventu
749 1333 881 1380 servum
892 1315 1039 1381 omnium
1050 1335 1161 1392 rerum
1173 1317 1289 1382 rudem
1300 1317 1425 1384 musica

251 1419 411 1499 instrum,
443 1438 544 1501 quam
574 1422 707 1500 praetor
738 1420 873 1484 stultum
904 1440 981 1486 vere
1011 1421 1151 1486 liberum
1173 1421 1299 1487 efficiet.
1341 1423 1427 1488 Nam

253 1523 439 1606 longissime
471 1523 605 1590 abesto
626 1524 937 1606 rationehnmana‚
966 1529 1003 1590 ut
1027 1530 1160 1608 praetor
1182 1545 1221 1592 ea
1241 1527 1425 1609 impertiat,

257 1646 363 1711 quae,
393 1627 455 1694 nisi
476 1628 690 1710 philosophus
712 1632 779 1709 est,
800 1629 870 1711 ipse
891 1630 1003 1695 nescit·
1046 1631 1118 1695 Hoc
1138 1634 1228 1696 vetat
1249 1632 1321 1710 len,
1342 1651 1427 1715 quae

256 1753 276 1800 a
297 1736 366 1800 toto
386 1752 505 1816 genere
525 1733 670 1798 humano
693 1734 886 1816 agnoscitur,
897 1739 1080 1817 naturaque
1092 1736 1243 1801 omnihus
1255 1737 1352 1803 insita
1362 1740 1427 1804 est:

256 1839 425 1905 hominem
445 1838 633 1920 imperitum
656 1841 779 1920 artem,
801 1859 902 1922 quam
923 1841 1070 1922 ignorat,
1092 1859 1252 1906 exercere.
1278 1842 1326 1908 Ne
1338 1843 1425 1910 ultra

258 1943 424 2026 crepidam
445 1944 555 2008 sutor!

296 2049 348 2114 Vs.
382 2047 550 2113 lor-114.
591 2048 684 2113 Tunc
714 2048 760 2113 mi
780 2049 887 2131 bone,
919 2069 1021 2133 quum
1042 2053 1147 2117 totam
1167 2051 1429 2135 philosophiam,

246 2155 290 2220 'et
310 2153 528 2236 dogmaticam
550 2156 581 2219 et
602 2153 846 2236 paraeneticum
867 2155 1017 2222 didiceris
1039 2158 1072 2221 et
1093 2157 1128 2222 in
1148 2158 1342 2240 praecordia
1360 2157 1428 2225 ima

258 2259 444 2339 demiseris,
476 2262 554 2324 tunc
574 2263 610 2323 lu
630 2277 698 2324 non
718 2260 823 2324 solum
845 2278 866 2326 a
886 2264 1057 2343 praetore,
1080 2261 1135 2343 qui
1156 2263 1341 2328 libertatem
1357 2282 1428 2328 cor·

256 2365 344 2448 poris
365 2364 441 2445 dat,
463 2365 521 2430 sod
542 2363 642 2429 etiam
663 2383 683 2430 a
703 2364 779 2430 love
799 2365 889 2447 ipso,
911 2365 962 2431 cui
982 2385 1096 2432 veram
1117 2367 1137 2432 i.
1159 2387 1186 2433 e.
1209 2367 1309 2433 animi
1329 2368 1428 2435 liber-

256 2474 359 2537 tatem
380 2472 548 2552 acceptam
568 2469 689 2550 refers,
710 2470 884 2536 liberatum
906 2487 976 2537 esse
998 2491 1183 2553 agnoscam.
1213 2472 1349 2556 Sinin,
1372 2475 1429 2558 qui

256 2575 354 2658 paulo
377 2578 453 2640 ante
474 2594 578 2657 aeque
599 2573 758 2657 possimus
781 2595 853 2640 eras
875 2595 913 2640 ac
933 2596 993 2641 nos
1014 2595 1148 2659 omme,
1174 2579 1316 2643 eundem
1328 2579 1429 2644 animi

256 2683 378 2746 statum
399 2679 590 2760 retinuerim
613 2699 815 2762 quamquam
830 2684 967 2746 externa
978 2682 1084 2764 specie
1095 2682 1252 2748 honestus
1263 2703 1302 2749 ac
1312 2685 1429 2765 honus

255 2784 357 2850 verba
386 2804 480 2864 mea,
511 2804 596 2867 quae
627 2785 726 2850 modo
757 2785 843 2850 edidi
879 2787 971 2864 „Esto
1002 2787 1149 2870 liberque
1202 2807 1240 2854 ac
1274 2789 1427 2871 sapiens''

255 2895 378 2973 repeto.
406 2891 462 2955 Ait
481 2893 599 2973 poeta:
624 2890 718 2969 „Tibi
739 2894 827 2957 recto
849 2893 959 2957 vivere
980 2893 1047 2957 talo
1062 2897 1109 2968 ⁶⁰)
1130 2912 1183 2958 ars
1207 2894 1297 2961 dedit
1308 2897 1344 2961 'l‘'
1365 2896 1430 2962 De·

258 2994 331 3061 finit
361 2993 474 3060 Cicero
505 2996 599 3076 (tusc.
632 2996 666 3060 ll.
698 2997 726 3059 4.
752 2997 823 3074 lm:
853 2996 1059 3078 philosophia
1080 3002 1129 3063 est
1150 3018 1203 3064 ars
1224 3001 1321 3066 vitae.
1344 3001 1429 3067 Plut.

257 3100 312 3175 (de
330 3099 412 3182 plac.
434 3099 512 3181 phil.
534 3101 768 3181 prooem.)⁸⁰):
789 3099 844 3168 τὴν
864 3097 896 3161 δὲ
916 3107 1086 3183 φιλοσοφίαν
1107 3106 1144 3181 (οἱ
1155 3104 1282 3166 Στωικοὶ
1304 3102 1430 3186 ἔφασαν)

258 3193 334 3278 εἶναι)
366 3205 490 3276 ἄσκησιν
516 3204 627 3285 τέχνης
657 3202 826 3277 ἐπιτηδείου.
872 3206 990 3287 Τέχνην
1021 3212 1170 3272 statuunt
1192 3229 1262 3274 esse
1283 3209 1430 3287 σύστημα

257 3307 290 3373 ie
303 3312 496 3390 καταλήψεως
516 3307 650 3392 ἐμπειρίᾳ
670 3311 991 3389 συγγεγυμνασμένων
1012 3314 1087 3389 πρὸς
1107 3335 1136 3374 τι
1156 3313 1245 3384 τέλος
1264 3313 1429 3396 εὔχρηστον

258 3421 317 3475 τῶν
337 3411 366 3474 ἓν
387 3422 430 3494 τῷ
450 3412 519 3494 βίῳ.

298 3520 352 3586 Vs,
376 3520 442 3585 119.
484 3520 541 3586 Nil
562 3520 618 3585 tibi
638 3522 785 3586 concessit
805 3522 910 3587 ratio:
931 3521 1066 3608 digitum
1087 3544 1193 3606 exere,
1213 3545 1321 3608 peccas
1332 3547 1342 3590 :
1362 3525 1382 3591 i.
1402 3545 1431 3592 e.

258 3625 419 3708 sapientia
447 3645 518 3693 sese
540 3627 597 3693 aut
619 3627 660 3694 de
680 3646 739 3692 suo
761 3625 820 3694 tihi
841 3627 921 3693 nihil
941 3628 1058 3712 largita
1080 3627 1138 3696 esi.
1178 3631 1310 3697 Ponunt
1331 3630 1431 3697 Stoici

259 3730 379 3812 dogma
414 3731 614 3813 „sapientem
645 3732 757 3799 omnia
784 3736 871 3799 recte
893 3733 1020 3800 facere”
1042 3738 1075 3800 et
1096 3734 1172 3800 hinc
1194 3753 1273 3816 „nec
1294 3735 1431 3818 digitum

258 3837 381 3900 temere
403 3836 445 3901 ab
467 3856 506 3902 eo
528 3836 661 3904 exseri'.
692 3839 736 3903 Ut
756 3837 920 3921 Epictetus
936 3839 983 3918 ⁶¹)
1004 3839 1068 3905 ait:
1093 3842 1128 3901 Ἡ
1150 3844 1304 3922 φιλοσοφία
1332 3840 1428 3922 φησὶν,

258 3936 303 4000 ’ότι
333 3937 397 4002 οὐδὲ
427 3938 462 4002 τὲ
493 3941 652 4006 δακτύλιον
677 3940 810 4008 ἐκτείνειν
832 3942 892 4033 εἰκῇ
912 3945 1063 4020 προσήκει.
1089 3945 1136 4010 cf.
1158 3945 1243 4027 Llps.
1266 3966 1345 4012 man
1376 3948 1431 4013 lib.

258 4047 309 4112 lll.
332 4047 406 4112 diss.
431 4048 476 4113 15.
510 4049 722 4131 Consequens
743 4050 840 4132 igilur
861 4054 929 4115 est:
960 4051 1077 4116 stultos
1096 4050 1178 4116 nihil
1198 4055 1286 4116 recte
1306 4051 1430 4134 facere,

259 4171 379 4237 eosque
400 4153 427 4218 si
448 4153 500 4220 vel
521 4154 657 4236 digitum
679 4159 851 4231 exserunt,
881 4155 970 4241 quod
990 4155 1113 4222 factum
1134 4155 1233 4223 Stoici
1253 4158 1339 4223 inter
1363 4157 1430 4238 „in-

259 4258 461 4326 differentia”
484 4263 698 4343 enumerant,
720 4280 864 4342 peccare.

299 4365 353 4433 Vs.
391 4365 457 4432 191.
508 4363 732 4434 Referendum
771 4370 820 4437 est
851 4367 894 4436 ad
925 4366 1012 4436 hunc
1041 4386 1173 4436 versum
1205 4365 1429 4452 inopinatum:
