3402 5056
357 1767 492 1834 Praeter
511 1765 576 1832 alia
598 1765 706 1832 errata
727 1765 760 1830 et
781 1763 903 1829 menda
925 1763 1160 1846 typographica
1180 1765 1301 1831 nullius
1323 1764 1490 1845 momenti,

319 1891 404 1955 quae
426 1871 554 1938 silentio
574 1872 767 1954 praetereo,
789 1870 872 1935 haec
894 1868 1086 1950 corrigenda
1106 1873 1201 1936 sunt:

318 2095 385 2155 pag.
410 2077 457 2154 13,
477 2076 498 2136 l.
520 2076 579 2136 23:
601 2075 697 2137 insero
717 2077 785 2155 pont
801 2076 937 2135 moveat:
958 2072 1037 2150 (Son⁴
1060 2092 1106 2154 ep.
1128 2076 1189 2150 66).

319 2223 386 2285 pag.
411 2206 467 2284 18,
489 2205 510 2264 l.
532 2208 590 2266 33:
622 2204 661 2267 de
690 2207 752 2265 nat.
784 2203 863 2265 door.
895 2203 933 2262 62
965 2221 1040 2282 ης,
1061 2203 1143 2284 loge:
1172 2203 1491 2268 denat.d00r.110.

359 2332 468 2412 621153
490 2352 554 2413 sqq.

321 2481 388 2542 pag.
421 2464 480 2539 20,
512 2461 531 2522 l.
557 2463 611 2524 1³:
643 2463 723 2522 Plut.
744 2461 781 2523 de
803 2462 877 2541 plne.
899 2461 972 2542 phil.
994 2463 1023 2541 5,
1043 2462 1127 2541 lego:
1159 2462 1484 2542 P1ut.dep1ao.phi1.

360 2590 412 2652 IV.
435 2593 453 2651 5
474 2595 505 2653 et
524 2592 585 2670 213
604 2590 673 2653 vide
692 2609 760 2671 pag.
783 2593 822 2650 69
843 2592 872 2651 h.
893 2591 923 2651 d.
944 2591 982 2652 ad
1003 2593 1064 2664 48).

321 2741 388 2801 pag.
411 2722 499 2801 29,1.
523 2723 580 2783 36:
602 2721 716 2796 Λόγο,
738 2722 824 2800 lego:
845 2722 964 2796 Λόγον.

321 2869 389 2930 pag.
410 2850 459 2928 46,
480 2852 500 2911 l.
523 2851 580 2911 16:
601 2851 751 2931 maiorem,
773 2851 856 2930 lege:
878 2850 1033 2911 maiorum.

325 2999 391 3059 pag.
414 2980 504 3060 49,1.
525 2983 564 3041 4:
585 2985 620 3041 ut
640 2999 731 3060 supra
740 2978 878 3054 vidimus,
899 2980 1214 3060 logeprohisverbis:
1235 2987 1292 3062 (op.
1302 2983 1342 3042 50
1352 2983 1382 3041 in
1395 2981 1475 3056 fine).

321 3129 389 3189 pag.
410 3109 500 3188 521.
521 3111 579 3170 26:
599 3110 676 3170 Vide
696 3128 766 3190 pag.
787 3109 816 3188 6,
837 3110 921 3188 lego:
944 3109 1011 3170 vide
1031 3129 1099 3190 pag.
1122 3114 1151 3172 4.

322 3257 389 3318 pag.
411 3240 460 3317 69,
482 3241 502 3298 Ι.
526 3241 581 3299 13:
603 3239 641 3300 sd
662 3239 779 3301 Helvid.
801 3241 829 3318 9,
849 3239 934 3317 lego:
956 3239 994 3298 nd
1015 3238 1131 3301 Helvia.
1156 3243 1202 3300 11.

809 3539 1005 3552 u———-
