3402 5056
821 524 860 589 37

292 704 345 768 Vs.
366 703 496 768 61-75.
538 701 698 785 Imprimis
712 702 867 768 'notanda
888 705 936 767 est
956 721 1020 767 vox
1040 703 1163 785 pulpae,
1188 700 1425 783 quaehoclooo

251 808 319 874 lere
349 811 525 890 usurpatur
546 811 582 873 ut
602 809 680 889 σάρξ
701 811 802 885 (caro)
824 807 859 872 in
880 807 1006 890 scriptis
1028 825 1161 886 eorum,
1184 807 1239 888 qui
1260 805 1425 871 Christum

252 914 455 978 confitentur.
487 913 694 979 Conlercnda
715 917 764 978 est
789 913 934 978 Senecae
946 913 1081 995 epistola
1092 912 1155 992 74²¹,
1166 911 1200 976 in
1210 930 1279 992 qua
1289 910 1426 992 scriptor

251 1018 313 1083 hoc
341 1038 439 1084 sensu
469 1037 548 1084 voce
578 1018 683 1083 carnis
715 1017 837 1083 utitur:
873 1017 1061 1095 „Summum
1093 1018 1216 1082 bonum
1249 1016 1285 1080 in
1315 1015 1425 1079 animo

252 1123 496 1189 constituamus
527 1123 706 1188 Obsolescit
727 1123 754 1186 si
775 1123 817 1188 ab
838 1123 1076 1204 optinranostri
1088 1125 1181 1204 parte
1196 1122 1238 1186 ad
1248 1120 1425 1203 pessimam

251 1227 369 1293 transit
390 1231 423 1293 et
442 1228 637 1293 transfertur
658 1227 701 1291 ad
721 1246 855 1306 sensum
886 1227 941 1309 qui
963 1227 1111 1309 agiliores
1132 1229 1208 1291 sunt
1229 1225 1424 1291 animalibus
1446 1214 1450 1221 ’

251 1333 359 1398 mutis.
399 1333 473 1397 Non
506 1335 554 1399 est
585 1351 714 1398 summa
748 1331 908 1397 felicitatis
939 1336 1071 1396 nostrae
1092 1331 1125 1395 in
1147 1352 1242 1395 curae
1261 1331 1425 1414 ponenda.

251 1438 344 1502 Bona
373 1437 428 1503 illa
459 1441 536 1503 sunt
564 1457 660 1518 vera,
692 1455 778 1519 quae
810 1437 894 1500 ratio
916 1436 989 1501 dat:
1021 1436 1125 1501 solida
1147 1456 1186 1502 ac
1205 1436 1425 1518 sempiterna,

252 1560 336 1624 quae
367 1543 483 1608 cadere
515 1561 582 1608 non
614 1543 751 1624 possunt
781 1560 841 1606 nec
873 1541 1058 1606 decrescere
1080 1541 1213 1623 quidem
1234 1543 1292 1606 aut
1312 1540 1424 1604 minui.

252 1647 369 1712 Cetera
390 1648 543 1729 opinione
556 1648 751 1726 bonasunt,
775 1649 807 1710 et
828 1665 949 1711 nomen
972 1646 1103 1728 quidem
1118 1647 1425 1712 habentcommune

252 1770 326 1817 cum
346 1752 452 1830 verm,
476 1752 657 1835 proprietas
679 1753 713 1816 in
735 1751 796 1816 illis
817 1751 895 1816 boni
916 1769 983 1815 non
1004 1753 1082 1815 est'.

291 1857 335 1921 Ut
365 1857 475 1936 vides,
506 1857 627 1939 scripta
647 1857 748 1922 stoica
770 1857 888 1920 horum
909 1859 1094 1936 temporum
1115 1857 1182 1920 iam
1202 1856 1328 1921 imbuta
1349 1860 1426 1921 sunt

253 1962 358 2027 ethica
388 1962 443 2026 illa
474 1962 669 2041 universali,
692 1981 777 2044 quae
798 1981 900 2042 genus
921 1961 1104 2026 humanum
1125 1961 1329 2042 aptissimum
1350 1961 1425 2027 red-

254 2066 335 2134 didit
357 2067 399 2132 ad
421 2067 610 2148 accipienda
631 2067 733 2132 verba
754 2066 884 2132 Christi.

292 2173 398 2252 Nota,
419 2173 503 2236 bene
525 2175 621 2250 nota,
642 2175 681 2236 o!
704 2173 803 2238 homo
815 2171 923 2251 stulte,
936 2171 991 2253 qui
1003 2171 1065 2235 deo
1076 2190 1127 2235 res
1138 2174 1286 2236 terrenas
1297 2171 1425 2253 placere

254 2276 437 2358 existimeS‚
474 2296 550 2355 „nec
580 2277 680 2342 libido
708 2276 890 2354 addeum,
922 2295 985 2341 nec
1005 2276 1175 2358 epularum
1197 2276 1343 2353 lautitia,
1364 2295 1426 2341 nec

253 2400 331 2463 opes
352 2383 608 2464 necquicquam
629 2401 668 2446 ex
689 2383 740 2446 his
760 2381 928 2447 hominem
949 2381 1167 2446 inescantibus
1189 2385 1221 2446 et
1241 2381 1296 2446 vili
1310 2381 1424 2463 volup·

253 2488 321 2552 tate
343 2487 553 2566 ducentibuS,
575 2487 735 2568 pertinet’'
757 2486 846 2564 (Sen.
868 2505 918 2567 ep.
941 2487 1000 2561 74).

291 2591 396 2674 Pulpa
416 2591 484 2676 sive
505 2591 604 2657 libido
626 2595 659 2656 et
680 2591 840 2672 cupiditas
862 2592 942 2669 erit,
965 2594 1014 2657 est
1035 2591 1168 2671 attuit,
1191 2610 1256 2673 qua
1279 2593 1340 2672 „ab
1361 2592 1424 2656 hac

252 2697 363 2762 divina
383 2696 657 2778 contemplatione
678 2696 856 2761 abductum
878 2697 1022 2775 animum
1044 2697 1078 2761 in
1099 2696 1232 2762 sordida
1247 2696 1425 2762 ethumilia

252 2802 489 2883 pertraximus,
512 2805 548 2865 ut
570 2801 725 2866 avaritiae
740 2801 885 2881 serviret,
906 2805 942 2866 ut
953 2802 1064 2866 relicto
1077 2802 1200 2866 mundo
1212 2802 1423 2884 terminisque

252 2906 320 2972 eius
341 2909 374 2971 et
388 2905 526 2970 dominis
537 2906 869 2970 cuncta·versantihus
880 2909 1001 2971 terram
1013 2906 1188 2972 rimaretur
1199 2909 1231 2971 et
1242 2908 1424 2987 quaereret,

252 3010 330 3094 quid
351 3031 391 3075 ex
412 3011 467 3076 illa
487 3011 564 3076 mali
586 3010 742 3075 effoderet
762 3029 829 3074 non
841 3013 1012 3076 contentus
1023 3011 1159 3076 oblatis”
1181 3011 1268 3085 (Sen.
1281 3030 1331 3092 ep.
1346 3011 1423 3085 110).

290 3116 395 3197 Pulpa
416 3119 483 3196 est,
505 3136 571 3198 qua
591 3134 701 3180 rerum
712 3119 831 3181 natura
842 3135 920 3181 vera
931 3116 1064 3181 vitiatur
1075 3119 1108 3181 et
1119 3117 1345 3198 corrumpitur,
1357 3135 1423 3197 qua

251 3221 361 3286 ovium
378 3221 500 3289 vellera
511 3239 595 3303 pura
606 3224 638 3286 et
650 3220 790 3285 candida
804 3221 964 3285 coloribus
976 3221 1089 3287 alienis
1099 3222 1268 3302 tinguntur
1279 3224 1311 3286 et
1321 3224 1422 3286 testu-

250 3325 364 3390 dinum
378 3327 488 3403 „testa
504 3325 538 3389 in
550 3325 668 3407 quibus
679 3325 750 3407 ipsa
760 3325 823 3401 illa,
836 3345 920 3408 quae
929 3326 1035 3407 placet
1044 3327 1194 3401 varietas¹
1206 3325 1343 3390 subditis
1354 3344 1423 3390 me·

250 3429 440 3496 dicamentis
461 3431 494 3494 in
515 3430 761 3494 similitudinem
782 3431 850 3495 veri
862 3430 1140 3510 coloratur”(Sen.
1154 3432 1195 3495 de
1204 3431 1369 3496 benerll
1380 3431 1422 3508 9).

288 3535 394 3616 Pulpa
424 3538 492 3615 est,
524 3553 590 3616 qua
620 3553 722 3616 genus
753 3535 935 3599 humanum
959 3538 1064 3600 totam
1084 3538 1238 3600 naturam
1258 3536 1370 3600 turbat
1391 3539 1424 3600 et

249 3639 382 3718 miscet,
403 3659 470 3705 non
492 3642 680 3704 contentum
701 3640 771 3719 his,
794 3659 879 3721 quae
899 3641 1034 3722 largitur
1049 3641 1138 3706 deus.
1162 3642 1422 3723 „luillaquoque

249 3744 403 3809 dissentio
433 3779 475 3792 -
505 3744 551 3808 ita
583 3745 741 3809 exclamet
772 3745 903 3810 Persius
934 3746 1079 3811 Senecae
1110 3746 1217 3812 verbis
1242 3765 1320 3811 usus
1343 3765 1422 3811 -a

248 3848 424 3913 Posidonio
445 3849 601 3929 (Stoico),
624 3849 678 3931 qui
701 3852 810 3913 censet
832 3850 996 3931 sapientes
1016 3851 1124 3932 luisse,
1138 3851 1193 3932 qui
1203 3850 1280 3916 ferri
1290 3849 1423 3915 metalla

250 3957 282 4018 et
313 3954 397 4018 aeris
428 3955 643 4018 invenerunt:
674 3973 748 4030 oum
769 3955 919 4019 incendio
940 3956 1094 4021 silvarum
1116 3955 1233 4021 adusta
1253 3955 1366 4034 tellus,
1388 3954 1421 4018 in

249 4077 378 4123 summo
400 4078 501 4122 venas
518 4050 664 4140 jacentes
686 4058 859 4139 liquefacta
880 4059 1023 4142 fudisset.
1045 4061 1110 4124 lsta
1131 4061 1212 4125 tales
1232 4058 1421 4138 inveniunt,

249 4165 362 4246 quales
383 4165 501 4230 colunt.
532 4165 581 4228 Ne
602 4163 656 4228 illa
674 4163 806 4245 quidem
818 4168 885 4228 tam
897 4164 1022 4230 subtilis
1033 4165 1181 4247 quaestio
1192 4165 1272 4230 mihi
1283 4164 1421 4243 videtur,

250 4289 349 4352 quarn
379 4268 574 4335 Posidonio:
605 4272 713 4332 utrum
742 4269 877 4333 malleus
898 4269 932 4333 in
953 4289 1015 4335 usu
1036 4289 1106 4335 esse
1126 4269 1270 4352 primus,
1291 4288 1335 4334 an
1355 4269 1421 4334 for·

250 4393 325 4456 ceps
347 4374 520 4456 coeperint.
541 4373 687 4455 Utraque
708 4373 832 4438 invenit
853 4373 968 4456 aliquis
989 4375 1155 4440 exercitati
1175 4374 1305 4456 ingenii,
1325 4376 1420 4456 acuti,
