3402 5056
828 545 864 606 15

259 722 311 788 dei
334 723 476 805 corporis
505 741 582 804 pars
603 723 656 801 fit,
680 722 748 787 sive
769 722 876 803 potius
896 721 1038 785 mundus
1059 724 1108 785 est
1118 739 1244 803 corpus,
1266 739 1331 802 quo
1352 720 1432 785 deus

261 828 453 909 conspicuus
475 831 523 892 est
544 847 680 909 seseque
701 826 907 905 manifestat,
929 827 1011 890 siout
1033 844 1149 907 corpus
1170 829 1319 890 nostrum
1331 826 1431 892 animi

261 932 513 997 instrumentum
536 937 594 997 est.

300 1035 385 1114 Quid
406 1041 517 1102 autem
538 1035 679 1101 nominis
700 1035 861 1100 divinitati
882 1036 1016 1115 tribuas
1036 1054 1152 1117 parum
1163 1035 1270 1100 refert.
1294 1035 1348 1100 Vis
1360 1055 1434 1101 eam

259 1142 501 1224 providentiam
531 1145 674 1206 vocare?
698 1159 765 1204 uon
786 1140 916 1205 falleris.
946 1141 1073 1222 Ubique
1095 1141 1182 1205 enim
1204 1142 1305 1220 adest,
1326 1144 1432 1206 totum

260 1247 448 1311 universum
470 1248 603 1329 eiusque
623 1250 733 1326 partes
754 1245 915 1326 singulae,
940 1247 991 1309 vei
1008 1245 1159 1311 minimas
1170 1246 1252 1328 regit
1265 1247 1324 1325 ²⁰).
1345 1247 1434 1312 Voca

261 1371 335 1416 eam
356 1351 482 1430 fatum;
503 1355 591 1416 recte
612 1349 739 1415 dixeris.
770 1350 854 1414 Nam
876 1350 922 1414 ita
944 1353 993 1414 est
1013 1350 1127 1429 fatum,
1150 1355 1311 1433 quatenus
1323 1355 1372 1416 est
1382 1353 1434 1416 lex

260 1457 472 1521 immutabilis
504 1459 602 1539 atque
633 1455 810 1535 inviolata,
841 1472 907 1536 qua
939 1455 1050 1520 omnia
1080 1455 1182 1535 fiunt,
1209 1474 1435 1538 quaecumque

260 1562 353 1640 fiunt,
385 1562 469 1625 sicut
501 1561 585 1626 fiunt
615 1579 676 1624 nec
706 1559 818 1636 aliter,
846 1559 888 1624 ab
910 1559 1001 1625 initio
1022 1559 1065 1624 ad
1085 1560 1186 1625 finem
1206 1580 1317 1643 usque.
1349 1563 1436 1626 Tum

262 1667 366 1732 fatum
397 1666 483 1730 idem
517 1668 585 1742 est,
617 1683 701 1745 quae
729 1663 953 1745 providentia;
977 1664 1076 1743 deuS,
1098 1668 1212 1747 utpote
1233 1666 1288 1747 qui
1306 1685 1436 1732 summa

263 1791 356 1836 mens
376 1790 434 1836 seu
456 1770 538 1835 ratio
559 1772 628 1844 est,
649 1787 716 1832 non
737 1768 798 1832 nisi
810 1768 1106 1849 perfectamlegem
1118 1771 1197 1835 dare
1207 1771 1322 1852 potuit.
1344 1770 1435 1849 Quae

262 1877 289 1942 si
319 1876 440 1942 mutari
471 1877 600 1956 posset,
630 1891 698 1937 non
728 1872 873 1954 perfecta
905 1876 1011 1951 esset3
1043 1874 1264 1941 ideoestilla
1286 1875 1436 1940 exomni

263 1981 455 2046 aeternitate
487 1982 626 2044 naturae
653 1996 763 2042 rerum
795 1977 950 2058 imposita
979 1979 1164 2044 necessitas.
1195 1980 1244 2045 fta
1264 1983 1437 2045 senserunt

263 2090 410 2165 veteres,
436 2103 538 2166 quum
561 2085 770 2148 autumarent
791 2082 889 2146 deum
910 2082 961 2146 vel
983 2084 1061 2147 deos
1082 2083 1150 2148 fato
1171 2083 1333 2150 subiectos
1355 2104 1434 2149 esse.

264 2191 350 2254 Deus
372 2189 458 2253 enim
480 2207 547 2252 non
568 2187 630 2251 nisi
650 2187 793 2268 perfecte
815 2205 912 2267 agere
929 2190 1046 2268 potest.
1067 2188 1247 2268 Postremo,
1260 2189 1286 2253 si
1297 2193 1436 2254 naturae

264 2293 413 2372 divinae,
445 2307 670 2376 quaecumque
701 2290 837 2354 nomina
861 2289 905 2354 dii
926 2290 1073 2372 deaeque
1095 2293 1238 2372 habent,
1260 2293 1436 2370 indideris,

264 2398 352 2462 nullo
373 2399 471 2463 modo
492 2401 606 2462 tamen
625 2394 820 2476 peccaveris.
852 2393 934 2458 Nam
956 2399 1035 2476 quot
1045 2400 1122 2460 sunt
1134 2398 1278 2477 nomina,
1299 2401 1348 2462 tot
1359 2399 1435 2463 sunt

263 2522 402 2570 munera
422 2503 473 2566 vel
493 2501 644 2584 propriae
665 2499 800 2564 virtutes
823 2499 918 2562 unius
942 2499 1436 2580 deifitiog.Laert.l.f.147)²¹).

305 2608 498 2674 Substantia
528 2607 595 2671 sive
627 2608 747 2671 natura
778 2604 830 2668 dei
861 2605 964 2684 magis
996 2606 1172 2672 manifesta
1202 2607 1277 2687 fiet,
1310 2609 1435 2675 sicam

263 2713 518 2798 spectaverimus
539 2711 629 2775 iuxta
651 2709 788 2774 alteram
812 2710 976 2788 naturam,
998 2730 1084 2792 quae
1102 2711 1296 2793 principium
1307 2714 1437 2795 patiens

264 2822 330 2885 sive
362 2817 500 2883 materia
530 2818 597 2893 est,
629 2815 699 2879 sine
729 2833 794 2896 qua
816 2814 917 2894 deuS,
949 2815 1069 2897 quippe
1091 2816 1147 2898 qui
1167 2817 1209 2881 sit
1230 2836 1346 2900 corpus
1367 2819 1438 2884 eius

265 2923 427 3001 efficiens,
457 2940 524 2985 non
544 2920 649 3001 magis
670 2939 741 2983 esse
761 2921 888 3000 potest,
914 2938 1014 3000 quam
1036 2921 1174 2987 materia
1194 2922 1264 2987 sine
1286 2924 1347 2988 deo
1368 2924 1435 2988 sire

264 3031 316 3106 vi,
347 3047 413 3109 qua
444 3045 554 3091 rerum
582 3027 701 3088 natura
721 3025 934 3087 sustentatur.
965 3023 1003 3086 lu
1025 3028 1164 3107 utroque
1184 3030 1379 3110 utrumque,
1400 3032 1437 3092 ut

265 3133 378 3198 Cicero
399 3131 453 3196 ait.
486 3129 559 3208 Qua
581 3129 622 3192 de
644 3146 742 3192 causa
753 3145 873 3208 operae
885 3127 1027 3208 pretium
1038 3132 1087 3194 est
1098 3130 1221 3211 audire,
1242 3151 1327 3213 quae
1338 3132 1437 3198 Stoici

266 3241 306 3302 de
325 3237 448 3319 origiue
468 3232 727 3300 munditradunt
740 3232 799 3313 ²²).
821 3232 971 3313 Legimus
983 3235 1071 3316 apud
1081 3235 1259 3318 Diogenem
1270 3238 1436 3303 Laertium

265 3345 297 3423 (l.
319 3343 338 3406 l.
361 3341 378 3423 ξ
403 3341 471 3415 136)
493 3339 535 3404 ab
557 3337 647 3402 omni
668 3335 861 3400 aeternitate
883 3337 948 3401 duo
969 3340 1348 3423 esseprincipiatdeum,
1368 3342 1437 3407 sive

265 3449 400 3513 aethera
421 3445 510 3509 illum
531 3461 670 3526 purum,
692 3440 743 3505 cui
764 3441 843 3506 nihil
864 3441 1023 3508 materiae
1044 3445 1221 3511 admistum
1242 3450 1300 3528 est,
1322 3451 1436 3514 etma-

264 3552 391 3617 teriam.
423 3550 614 3616 Cavendum
635 3549 746 3612 autem
767 3565 809 3611 ne
830 3547 916 3612 hane
936 3548 1032 3613 nobis
1055 3549 1216 3632 fingamus
1238 3553 1436 3618 elementum

266 3659 473 3734 concretum,
500 3653 568 3718 sive
597 3649 861 3716 commixtionem
882 3652 1029 3717 omnium
1051 3654 1295 3721 elementorum.
1323 3658 1380 3722 Est
1401 3677 1436 3723 re

265 3779 343 3826 ve-ra
374 3759 569 3842 principium
600 3756 801 3820 abstractum
831 3775 986 3822 sensuum
1018 3759 1261 3842 perceptionem
1292 3761 1436 3842 fugiens,

266 3864 378 3930 formis
410 3882 543 3943 carens,
575 3864 607 3926 et
627 3862 762 3942 propter
782 3861 815 3924 id
837 3860 944 3943 ipsum
965 3862 1140 3944 idoneum,
1162 3865 1249 3945 quod
1261 3865 1295 3930 in
1306 3867 1437 3948 quasvis

266 3971 388 4035 formas
408 3970 564 4033 vertatur.

307 4075 369 4140 Hic
388 4074 590 4138 monendum
610 4071 739 4136 videtur
760 4070 918 4152 principia
940 4074 971 4136 et
983 4073 1285 4139 elementainterse
1297 4075 1436 4156 differre;

260 4199 346 4245 nam
366 4181 449 4245 haec
468 4178 590 4242 formas
610 4177 735 4241 habeut
755 4178 788 4239 et
808 4175 842 4238 in
861 4177 1005 4241 universi
1026 4178 1280 4260 conflagratione
1301 4182 1354 4254 (de
1371 4203 1437 4266 qua

269 4288 383 4366 postea
402 4281 599 4357 videbimus)
622 4279 793 4344 interitura
812 4282 908 4360 sunt,
930 4280 984 4346 illa
1001 4282 1167 4364 geniturae
1180 4287 1212 4349 et
1223 4288 1438 4368 corruptionis

270 4388 438 4472 expertia,
460 4405 596 4468 corpora
617 4385 750 4468 quidem
771 4386 925 4451 suntsed
947 4405 986 4452 ea
1006 4387 1076 4452 sine
1097 4387 1217 4456 formis.
1238 4392 1363 4458 Aether
1379 4393 1437 4474 igi-
