3382 5056
807 521 847 586 89

277 705 331 771 Vs.
364 705 531 772 130-131.
582 704 717 787 Antiqui
755 703 932 770 credebant
961 723 1075 770 omnes
1106 723 1208 771 venas
1239 705 1273 771 in
1303 705 1410 771 iecore

236 810 431 893 principium
452 809 584 875 hahere.
615 810 694 874 Erat
714 808 808 891 quasi
829 808 960 874 officina
980 809 1166 891 sanguinis,
1198 813 1230 874 et
1252 809 1329 893 quia
1349 828 1409 892 pro

239 915 414 981 affectuum
433 915 592 981 varietate
612 913 743 995 sanguis
763 914 970 994 movebatur,
992 913 1026 978 in
1047 915 1153 980 iecore
1174 914 1276 980 animi
1294 915 1407 980 sedem

239 1023 272 1085 et
302 1021 477 1087 affectuum
506 1023 694 1102 posuerunt.
735 1020 920 1101 Usurprtur
950 1019 1038 1084 iecus
1060 1039 1119 1102 pro
1142 1021 1259 1101 corde,
1290 1021 1324 1085 in
1345 1040 1410 1104 quo

238 1125 337 1192 Stoici
369 1127 543 1192 affectuum
573 1125 686 1191 sedem
713 1129 848 1206 ponunt.
890 1124 937 1190 cf.
969 1125 1049 1191 Hor.
1074 1145 1124 1206 ep.
1145 1125 1168 1190 1.
1193 1125 1240 1190 18.
1261 1126 1310 1192 7a.
1331 1126 1410 1192 Hor.

239 1232 292 1297 od.
313 1232 335 1298 Ι.
359 1232 405 1298 13.
427 1233 455 1297 4.
484 1232 592 1296 luven.
616 1233 642 1295 1.
663 1231 704 1294 45
724 1233 757 1295 et
777 1230 805 1294 6.
827 1230 896 1295 611.
929 1229 1008 1294 Vide
1030 1249 1103 1312 pag.
1125 1231 1173 1295 10.
1196 1234 1229 1296 et
1246 1231 1293 1296 36.
1306 1232 1337 1296 h.
1350 1231 1381 1297 d.
1481 1252 1483 1258 ¹

277 1336 328 1401 Vs.
354 1337 420 1402 144.
458 1337 629 1414 Quomodo
650 1336 721 1400 fieri
742 1337 863 1418 possit,
888 1355 909 1400 u
945 1335 1072 1401 luxuria
1093 1338 1126 1400 et
1147 1336 1285 1402 avaritia
1308 1337 1411 1402 altera

239 1461 313 1508 cum
344 1444 447 1508 altera
478 1443 674 1508 altercentur
704 1461 771 1506 non
802 1441 965 1524 intelligo,
996 1462 1098 1525 quum
1129 1443 1200 1522 lego
1223 1442 1415 1508 Ciceronem

239 1547 436 1613 scribentem
459 1567 517 1626 ,ex
538 1547 664 1611 luxuria
685 1546 818 1612 exsistat
840 1547 998 1622 avaritia,
1027 1567 1158 1612 necesse
1181 1550 1249 1626 est3
1273 1566 1312 1612 ex
1336 1566 1415 1614 ava·

238 1652 313 1718 ritia
334 1656 486 1734 erumpat
506 1652 662 1717 audacia”
685 1655 757 1733 (pro
768 1652 864 1718 Rosc.
881 1652 955 1717 Am.
977 1651 1037 1729 17).
1069 1651 1133 1732 At,
1154 1651 1281 1734 inquis,
1303 1652 1415 1719 Cicero

239 1777 306 1822 non
327 1777 502 1841 germanus
532 1776 570 1822 ac
590 1757 748 1839 genuinus
769 1757 896 1822 Stoicus
919 1762 987 1835 est,
1009 1760 1042 1822 et
1062 1757 1170 1837 locus,
1197 1776 1295 1840 quem
1318 1757 1417 1838 citas,

242 1863 327 1946 sapit
347 1863 492 1946 linguam
513 1882 686 1928 causarum
706 1863 846 1946 patroni.
879 1862 1041 1928 Concedo.

282 1970 332 2035 En
352 1968 455 2035 habes
475 1969 583 2033 locum
603 1969 772 2033 inventum
788 1967 876 2050 apud
887 1967 1059 2050 Senecam,
1081 1967 1137 2051 qui
1151 1967 1254 2049 magis
1266 1968 1419 2034 convenit

244 2095 317 2141 cum
347 2075 451 2140 Persii
481 2074 648 2139 versibus:
694 2074 747 2152 ,ln
779 2074 841 2139 hoc
869 2073 1041 2157 principali
1076 2075 1132 2153 (τῷ
1164 2075 1344 2153 ἡγεμονικῷ)
1369 2077 1418 2140 est

243 2179 366 2263 aliquid
396 2179 584 2244 irrationale
616 2183 648 2244 et
667 2179 836 2244 rationale.
868 2179 950 2244 lllud
971 2179 1045 2244 huic
1065 2178 1164 2244 servit
1185 2184 1246 2244 cet.
1259 2223 1266 2238 .
1280 2223 1307 2240 ..
1330 2179 1416 2245 Irra-

243 2285 364 2351 tionale
394 2304 471 2366 pars
503 2283 603 2350 animi
633 2285 716 2350 duas
746 2285 847 2350 habet
877 2287 1008 2367 partes;
1041 2284 1179 2349 alteram
1214 2283 1417 2364 animosam,

245 2390 473 2470 ambitiosam,
503 2389 736 2471 impotentem,
766 2391 908 2471 positam
938 2390 972 2454 in
1004 2389 1248 2468 affectionibus;
1281 2390 1418 2455 alteram
1488 2465 1490 2471 y

244 2496 421 2575 humilem,
440 2495 647 2578 languidam,
668 2496 890 2578 voluptatibus
911 2495 1076 2561 deditam*
1096 2496 1151 2577 (ep
1182 2495 1244 2572 91).

282 2603 319 2667 ln
343 2601 550 2684 „principali”
573 2601 707 2667 affectus
731 2603 842 2667 sedem
865 2602 987 2667 habere
1008 2601 1073 2666 iam
1095 2601 1237 2666 vidimus
1259 2601 1344 2682 (pag.
1368 2601 1417 2665 10.

244 2707 276 2772 h.
308 2708 361 2789 (1.).
402 2708 454 2772 Fit
481 2707 669 2772 irrationale
690 2705 725 2766 τὸ
746 2705 920 2784 ἡγεμονικὸν
945 2706 971 2771 si
993 2707 1077 2772 ratio
1098 2706 1238 2771 vincitur
1257 2706 1299 2770 ab
1321 2704 1419 2770 affec·

245 2813 331 2878 tibus
346 2813 404 2894 ⁸⁴).
435 2811 488 2878 Sic
517 2811 644 2894 Lipsius
672 2811 790 2876 alicubi
812 2814 968 2877 annotat:
1007 2830 1090 2890 ,non
1112 2812 1247 2876 seorsim
1269 2810 1421 2876 habitant

245 2917 380 2982 affectus
411 2919 444 2981 et
475 2916 622 2997 animus,
653 2935 761 2999 neque
781 2916 860 2982 item
881 2919 985 2983 ratio:
1017 2919 1076 2983 sed
1100 2917 1228 2982 animus
1250 2917 1332 2981 haec
1354 2916 1433 2981 duo·

246 3022 336 3086 velut
355 3021 474 3104 hospes
499 3021 636 3102 excipit,
658 3021 757 3086 modo
778 3022 897 3096 rationi
918 3023 1143 3104 mancipatus,
1165 3021 1263 3086 modo
1280 3021 1419 3087 affectui.

247 3126 392 3192 Mutatur
412 3146 486 3191 cum
508 3127 588 3191 illis:
610 3128 645 3192 in
665 3128 799 3202 melius,
822 3129 849 3192 si
872 3129 974 3207 ratio,
1001 3129 1035 3193 in
1056 3127 1148 3211 peius
1159 3126 1372 3209 molliusque,
1394 3125 1421 3190 si

248 3231 382 3298 affectus
413 3233 611 3314 occupavit'’.
653 3233 742 3298 Idem
775 3234 912 3314 scriptor
944 3238 1044 3311 (man.
1077 3233 1151 3298 diss.
1182 3231 1270 3309 Vll):
1308 3230 1421 3309 Unus,
1448 3215 1453 3223 ⁵

248 3338 353 3421 inquit
374 3338 593 3418 (Plutarchus)
615 3338 744 3404 animus
766 3342 864 3422 atque
886 3358 954 3406 una
974 3338 1142 3404 rationalis
1153 3356 1239 3420 pars,
1261 3335 1359 3401 modo
1378 3336 1422 3402 ad

249 3444 365 3510 melius
399 3444 504 3509 tendit
524 3447 557 3510 et
576 3447 659 3510 ratio
680 3445 815 3526 dicitur,
837 3446 936 3511 modo
961 3445 1003 3510 ad
1025 3444 1128 3527 peius,
1153 3446 1186 3509 et
1212 3445 1262 3508 est
1282 3441 1421 3524 affectus.

249 3548 297 3616 Gt.
321 3568 394 3632 pag.
417 3548 457 3614 78
477 3550 508 3614 h.
532 3549 563 3614 d.

288 3656 417 3722 Portam
448 3657 686 3738 irrationalem,
717 3676 819 3740 quarn
850 3675 950 3736 supra
982 3654 1254 3728 commemoravi,
1281 3654 1423 3736 positam

249 3763 284 3827 in
305 3761 529 3827 affectionibus
549 3761 698 3843 intelligit
712 3759 748 3823 τὸ
758 3761 886 3839 θυμικὸν
897 3762 1095 3843 (animosum
1108 3760 1187 3825 illud
1200 3763 1232 3825 et
1242 3759 1424 3842 irritabile),

251 3865 286 3928 τὸ
317 3868 488 3939 παθητικὸν
519 3887 649 3951 quoque
679 3873 853 3947 vocatum,
876 3869 1014 3933 alteram
1034 3866 1256 3949 voluptatibus
1277 3864 1423 3930 deditam

251 3970 287 4033 τὸ
307 3970 523 4050 ἐπιθυμητικὸν
544 3974 805 4055 (concupiscens).
844 3973 956 4056 Pergit
977 3973 1102 4039 Seneca
1122 3971 1157 4036 in
1169 3991 1218 4053 ep.
1230 3971 1289 4035 92:
1313 3969 1424 4048 ,illam

252 4078 468 4159 effrenatum,
499 4079 668 4144 meliorem
700 4082 832 4160 tamen,
864 4082 951 4144 certe
983 4077 1151 4143 fortiorem
1183 4095 1222 4141 ac
1242 4075 1423 4157 digniorem

251 4183 342 4262 viro,
366 4183 567 4266 reliquerunt
587 4184 826 4267 (sc.Epicurei):
847 4185 934 4250 hanc
954 4182 1176 4249 necessariam
1196 4181 1314 4246 beatae
1336 4179 1424 4246 vitae

253 4292 454 4374 putaverunt
474 4308 630 4355 enervem
651 4294 683 4356 et
704 4289 885 4356 abiectam’
901 4289 960 4369 ⁰⁵).

293 4394 342 4464 De
369 4395 508 4463 avaritia
538 4395 667 4478 rixante
699 4415 774 4464 cum
794 4395 923 4463 luxuria
945 4394 1045 4463 etiam
1077 4392 1202 4461 Seneca
1222 4389 1425 4463 mentionem
