3402 5056
574 1450 1080 1537 ,INTRODtioxic

755 1695 949 1704 ——n—

303 1883 511 1967 Quamquam
532 1904 666 1964 vereor,
689 1904 731 1950 ne
751 1885 844 1950 multi
867 1885 1038 1951 audaciam
1050 1905 1160 1952 meam
1172 1888 1332 1965 accusent,
1344 1885 1432 1967 quod

263 1995 338 2072 post
368 1993 417 2056 tot
448 2010 486 2056 ac
516 1994 585 2056 tam
617 1990 828 2056 admirandas
857 1991 1037 2071 editioneS,
1058 2011 1218 2075 quarum,
1240 2009 1282 2056 ne
1303 1990 1432 2056 laudem

265 2100 405 2174 ceteras,
436 2097 522 2162 solas
553 2116 635 2179 quas
668 2101 868 2162 curaverunt
889 2097 1106 2162 Casaubonus
1127 2097 1328 2180 Jahniusque
1349 2115 1438 2162 com·

264 2220 431 2280 memoro,
453 2201 538 2266 vires
558 2222 650 2267 meas
671 2202 819 2266 infirmas
841 2203 884 2267 ad
906 2203 1133 2285 explicandum
1145 2205 1277 2284 poetam
1289 2202 1436 2267 omnium

265 2308 440 2374 latinorum
461 2307 604 2373 maxime
625 2307 806 2373 involutum
828 2309 1004 2374 admovere
1026 2308 1187 2388 audeam,
1218 2311 1330 2373 tamen
1352 2308 1439 2373 hunc

264 2412 411 2477 laborem
432 2413 577 2494 suscepi,
601 2415 690 2478 ratus
710 2433 764 2478 me
785 2433 879 2478 usum
902 2411 983 2478 duce
1005 2401 1132 2478 ratione
1152 2413 1253 2478 stoica
1274 2413 1438 2495 quaedam

266 2517 447 2597 invenisse,
469 2518 586 2599 quibus
608 2537 719 2583 veram
742 2538 781 2584 ac
801 2519 961 2600 integram
982 2518 1085 2584 Persii
1105 2517 1281 2584 verborum
1305 2521 1438 2584 senten-

266 2625 451 2704 tiarumque
471 2623 538 2687 vim
560 2623 720 2688 elicerem.

307 2729 349 2793 Ut
372 2729 462 2803 dico,
485 2729 564 2793 Stoa
586 2733 635 2793 est
655 2730 812 2809 obrussa,
845 2731 888 2795 ad
909 2749 1009 2812 quam
1030 2729 1133 2794 Persii
1155 2748 1240 2812 quae
1260 2730 1357 2811 vulgo
1379 2750 1437 2796 vo-

268 2837 384 2900 cantur
414 2834 553 2909 satirae,
586 2834 686 2915 exegi.
729 2834 875 2912 Quarum
898 2834 1053 2916 primam,
1076 2853 1177 2916 quum
1198 2833 1278 2898 nihil
1299 2833 1366 2898 fere
1387 2836 1439 2900 vel

267 2959 374 3023 pauca
394 2939 534 3018 habeat,
565 2939 599 3004 in
620 2959 705 3022 quae
726 2940 910 3022 quadrant,
933 2959 1017 3022 quae
1038 2939 1125 3003 Zeno
1148 2938 1282 3020 eiusque
1293 2939 1441 3021 discipuli

270 3049 302 3109 et
324 3045 543 3111 adsectatores
565 3045 746 3110 docuerunt
767 3048 799 3109 et
820 3045 1100 3127 conscripserunt,
1121 3043 1248 3109 silentio
1261 3047 1439 3126 praetereo.

269 3151 362 3216 Unus
393 3153 539 3217 omnium
571 3153 713 3218 maxime
745 3173 798 3219 me
830 3153 954 3218 adiuvit
984 3152 1097 3217 Lucius
1118 3151 1274 3216 Annaeus
1295 3151 1441 3233 Seneca,

271 3257 361 3322 cuius
392 3258 511 3340 scripta
542 3257 629 3322 haud
659 3278 796 3341 parvam
818 3259 978 3341 praebent
999 3257 1127 3339 copiam
1148 3256 1384 3322 sententiarum
1403 3277 1441 3323 ac

270 3363 450 3441 dictorum,
472 3382 557 3445 quae
580 3364 682 3428 Persii
703 3365 804 3428 menti
826 3364 1005 3428 admodum
1026 3362 1166 3427 finitima
1186 3365 1272 3427 sunt.

238 3457 239 3464 '
310 3467 417 3532 Credo
438 3487 491 3533 me
512 3468 600 3533 haud
623 3470 736 3551 procul
757 3489 777 3533 a
798 3487 877 3533 vero
899 3469 1014 3533 abesse
1036 3467 1197 3531 dicentem
1211 3485 1330 3547 paucos
1342 3467 1443 3550 scrip-

270 3575 358 3638 tores
389 3573 531 3655 aptiores
553 3593 622 3639 esse
644 3574 687 3638 ad
708 3573 934 3639 illustrandum
957 3576 1089 3653 poetam
1111 3575 1259 3637 nostrum
1280 3571 1443 3638 difficilem

272 3680 305 3743 et
325 3678 508 3744 obscurum.
541 3678 636 3757 Quod
656 3699 715 3745 suo
736 3680 807 3744 loco
829 3678 1019 3760 apparebit;
1042 3697 1120 3742 nam
1142 3677 1331 3758 saepissime
1346 3679 1442 3744 huius

272 3783 455 3867 philosophi
477 3785 579 3850 verba
600 3785 764 3868 descripsi,
788 3804 889 3868 quum
911 3784 954 3849 ad
966 3783 1159 3865 explicanda
1170 3802 1227 3863 ea,
1249 3785 1446 3865 quaehabet

273 3893 390 3972 poeta,
421 3894 492 3955 tum
524 3892 566 3956 ad
597 3891 782 3973 supplenda
814 3910 873 3970 ea,
895 3909 980 3973 quae
1001 3889 1063 3954 sibi
1083 3888 1226 3954 voluisse
1247 3908 1285 3953 ac
1306 3890 1445 3955 sensisse
1526 3883 1528 3886 ’

273 3995 353 4061 mihi
374 3996 522 4076 videtur,
544 4017 605 4062 nec
624 4001 737 4062 tamen
758 3997 866 4062 verbis
888 3995 1055 4078 expressit.

313 4101 408 4166 Hanc
440 4103 525 4166 enim
558 4103 600 4167 ob
632 4122 764 4168 causam
796 4101 898 4167 Persii
931 4101 1121 4182 operatam
1143 4098 1284 4164 difficilia
1305 4103 1446 4167 suntad

273 4205 538 4288 intelligendum,
560 4207 637 4290 quia
659 4211 757 4288 poeta
778 4207 879 4272 habet
900 4206 1010 4270 stilum
1032 4205 1228 4286 abruptum,
1249 4223 1368 4286 parum
1390 4226 1442 4271 co-

273 4315 484 4390 haerentem;
515 4315 604 4396 quod
624 4313 739 4378 vitium
760 4312 841 4378 mihi
863 4315 970 4377 ortum
992 4311 1121 4377 videtur
1142 4330 1160 4376 e
1181 4309 1281 4374 nimia
1303 4311 1446 4394 quadam

274 4419 394 4502 ingenii
425 4419 616 4501 velocitate,
660 4439 726 4504 qua
762 4419 929 4504 praeditus
962 4437 1028 4484 non
1061 4418 1172 4497 curat,
1204 4419 1241 4482 ut
1272 4435 1330 4498 ea,
1362 4436 1447 4500 quae

1366 4524 1380 4576 1
