3382 5056
802 535 856 601 111

241 717 417 802 tranquilla
446 715 628 814 moderatio
659 712 806 796 imperii,
840 731 943 795 eoque
975 711 1149 776 nutriendo
1183 711 1349 792 perduxit,
1380 713 1416 774 ut

242 848 363 914 bonam
385 846 509 927 frugem
531 843 689 909 libertatis
710 841 846 906 maturis
868 841 933 905 iam
955 839 1077 904 viribus
1099 839 1183 904 ferre
1203 846 1314 923 posset.

283 977 374 1042 Muta
392 981 493 1058 posset
513 973 565 1038 in:
583 979 718 1058 possent.

285 1512 394 1579 Livius
414 1516 454 1575 IL
475 1533 502 1578 e.
523 1513 572 1578 43.
594 1511 612 1593 ἓ
632 1513 668 1576 6:

285 1643 377 1708 Unus
407 1641 460 1708 ille
490 1642 559 1723 vir,
590 1641 659 1725 ipse
691 1641 818 1721 consui,
850 1639 1105 1723 rempublicam
1126 1640 1299 1722 sustinuit,
1320 1661 1420 1724 quam

246 1773 404 1839 exereitus
425 1772 500 1838 odio
521 1772 678 1852 consulis,
701 1773 861 1854 quantum
882 1770 916 1834 in
939 1790 974 1835 se
994 1769 1076 1850 suit,
1099 1771 1268 1852 prodebat.
1359 1760 1363 1764 ’

288 1906 373 1986 Lege
393 1922 453 1985 pro
475 1903 583 1968 consul
590 1925 601 1966 :
620 1903 757 1968 consilio.

789 2134 877 2194 XXI.

291 2367 402 2433 Livius
421 2371 461 2433 Π.
483 2387 508 2432 u
529 2366 580 2432 64.
600 2364 618 2446 ἕ
640 2366 676 2430 1ε

292 2497 436 2563 Similem
457 2516 581 2564 annum
602 2495 701 2578 priori
724 2493 870 2560 eonsules
891 2495 1024 2574 habent,
1045 2494 1199 2561 seditiosa
1218 2495 1320 2578 initia,
1339 2496 1424 2563 bello
1547 2553 1548 2558 ,

253 2627 372 2693 deinde
392 2628 527 2692 externo
548 2624 732 2709 tranquilla.

293 2755 506 2821 scribendum
528 2757 595 2821 est:
617 2755 833 2837 tcanquitlum.

785 2988 887 3048 XXII.

292 3220 411 3287 Livius.
433 3221 532 3280 XXV.
554 3238 581 3283 c.
602 3218 641 3282 16
663 3222 678 3295 5
703 3217 758 3283 m:

292 3350 393 3416 Multo
423 3353 536 3416 tamen
565 3349 614 3414 vis
645 3348 750 3415 maior
778 3349 878 3431 pestis
898 3350 1086 3415 Poenorum
1108 3352 1214 3416 eastra
1237 3369 1337 3436 quam
1357 3351 1426 3417 Ro·

253 3478 470 3546 mana-diu
491 3477 756 3544 circumsedendo
769 3479 946 3561 Syracusas
968 3479 1057 3544 eaelo
1080 3480 1237 3563 aquisque
1249 3480 1427 3547 adsuerant

253 3609 356 3692 magis
368 3607 590 3689 -udfecerut
612 3628 652 3674 ex
662 3608 805 3674 hostium
822 3609 963 3674 exercitu
975 3609 1092 3688 Siculi,
1115 3613 1150 3674 ut
1163 3610 1304 3691 primum
1315 3610 1428 3678 videre

254 3759 294 3804 ex
322 3740 481 3820 gravitate
508 3738 568 3804 loci
590 3740 712 3821 volgari
733 3739 885 3820 morbos,
917 3741 951 3804 in
972 3760 1048 3805 suas
1070 3740 1207 3823 quisque
1227 3741 1428 3824 propinquas

253 3869 351 3936 urbes
372 3868 488 3952 dilapsi
509 3872 604 3948 sunt;
627 3873 686 3934 cet.

294 3999 348 4065 Sic
378 3997 604 4080 corrigendum
636 4001 704 4064 est:
745 3998 846 4065 Multo
880 4002 992 4065 tamen
1022 3999 1072 4065 vis
1103 4000 1208 4065 maior
1243 4000 1343 4082 pestis
1371 4021 1430 4086 per

254 4130 441 4195 Poenorum
463 4130 569 4193 cestra
591 4147 691 4210 quam
712 4129 884 4207 Romana;
906 4130 962 4194 diu
975 4129 1239 4194 circumsedendo
1251 4129 1429 4213 Syracusas

256 4259 345 4324 eaelo
377 4257 537 4340 aquisque
570 4258 748 4326 adsuerant
778 4259 893 4341 magis.
915 4267 943 4325 et
971 4261 1114 4325 hostium
1136 4261 1294 4327 exercitu-s
1315 4261 1431 4344 Siculi,

255 4390 291 4454 ut
311 4386 453 4468 primum
475 4389 533 4452 eet.
