3382 5056
853 491 892 555 65

286 669 373 734 tasse
394 669 435 734 de
457 669 519 734 deo
539 670 699 735 mundum
722 690 761 734 ex
782 669 884 736 nihilo
906 673 1047 735 creante.
1068 671 1135 734 Aut
1151 689 1252 735 unum
1263 669 1458 753 principium

286 775 470 850 (materiam
501 775 637 858 solam),
670 778 706 840 ut
735 775 940 841 Democritus
965 779 997 841 et
1017 775 1184 859 Epicurei,
1205 778 1262 841 aut
1283 776 1348 840 duo
1367 774 1458 857 prin-

286 878 371 960 cipia
390 899 510 958 rerum,
532 881 629 946 deum
651 881 859 947 ordinantem
882 883 1051 946 aeternam
1070 879 1252 961 materiam,
1264 881 1457 946 statuerunt.

326 985 378 1049 Vs.
410 987 458 1050 88.
501 987 562 1066 Hi,
594 987 650 1069 qui
681 990 880 1070 sequuntur,
911 987 1099 1066 reversus,
1121 1005 1322 1069 quamquam
1343 1004 1458 1067 perse

285 1090 410 1172 pulchri
442 1111 480 1157 ac
505 1093 592 1173 veri,
614 1095 726 1157 carent
746 1096 858 1158 tamen
880 1092 969 1157 omni
991 1094 1144 1156 contextu
1165 1111 1238 1156 cum
1258 1091 1458 1172 praeceden-

230 1231 233 1237 ·
284 1194 390 1274 tibus,
411 1197 439 1260 si
460 1216 533 1261 cum
554 1197 750 1262 Casaubono
768 1197 903 1280 aliisque
914 1196 1074 1278 intelligas
1085 1196 1136 1262 his
1146 1197 1255 1261 verbis
1266 1196 1458 1278 responderi

285 1301 526 1367 centurionibus
558 1305 591 1367 et
621 1305 750 1369 torosae
771 1302 942 1367 iuventuti.
985 1301 1100 1366 lncitat
1133 1301 1220 1367 enim
1240 1304 1339 1383 poeta
1359 1303 1410 1366 vel
1431 1301 1458 1366 si

284 1407 388 1472 mavis
408 1407 551 1472 monitor
570 1408 715 1489 stultum,
736 1410 773 1472 ut
792 1426 869 1473 vere
879 1406 1126 1489 philosophetur
1135 1409 1333 1490 spernatque
1346 1407 1458 1472 omnia

285 1515 437 1592 externa,
460 1515 492 1578 et
512 1515 681 1594 comparat
703 1532 777 1577 eum
800 1532 873 1577 cum
894 1531 1011 1593 aegre,
1033 1511 1098 1593 qui,
1120 1511 1204 1576 sicut
1218 1513 1334 1577 stultus
1346 1514 1458 1577 noster

284 1617 484 1699 aliquamdiu
504 1616 729 1699 philosophiae
749 1637 785 1682 se
806 1616 904 1704 dedit,
915 1617 974 1681 sed
985 1635 1062 1681 mox
1073 1616 1117 1681 ad
1127 1617 1298 1682 stultitiam
1308 1617 1457 1699 relapsus

283 1827 408 1907 missis,
440 1827 559 1892 deinde
587 1827 629 1892 ad
650 1827 752 1892 vitam
774 1827 895 1892 deliciis
916 1827 1062 1892 deditam
1082 1825 1188 1890 rediit.
1227 1827 1307 1892 Post
1326 1845 1457 1891 versum

283 1933 322 1997 7⁰2
342 1937 441 2016 poeta
460 1933 616 2007 orationis
639 1932 889 1998 concinnitatem
911 1931 1018 1997 minus
1040 1950 1079 1996 eo
1100 1932 1221 2012 turbat,
1242 1931 1331 2012 quod
1345 1931 1458 1996 inserit

202 2121 206 2126 ι
282 2057 329 2104 vs
361 2036 498 2118 73-87,
525 2056 625 2120 quam
646 2037 734 2119 quod
755 2037 875 2102 omittit
897 2056 1010 2102 omnes
1031 2037 1217 2115 iuncturas,
1239 2054 1323 2118 quae
1344 2053 1456 2100 neces·

282 2143 388 2208 sariae
408 2145 503 2223 sunt,
524 2145 560 2207 ut
581 2143 666 2206 bene
686 2142 901 2224 intelligatur,
924 2140 1012 2224 quod
1033 2160 1168 2207 monere
1189 2140 1337 2206 intendit

321 2246 362 2312 Ni
394 2247 487 2312 fallor
517 2248 600 2313 haec
629 2247 760 2313 Persius
790 2246 924 2326 habuit,
956 2265 1041 2328 quae
1062 2245 1169 2311 dicere
1189 2245 1291 2310 voluit
1310 2244 1456 2311 versibus

281 2351 441 2416 63-106:
472 2352 516 2415 Mi
546 2351 662 2431 stulte,
694 2351 756 2416 cito
786 2351 938 2416 incumbe
969 2351 1014 2414 im
1037 2351 1181 2416 studium
1202 2349 1340 2415 virtutis
1371 2349 1457 2416 Nam

281 2455 363 2522 sicut
395 2457 442 2538 ei,
474 2457 530 2539 qui
558 2476 655 2538 aeger
676 2459 725 2522 est
746 2475 902 2538 corpore,
923 2455 1118 2520 currendum
1140 2457 1189 2520 est
1210 2455 1253 2520 ad
1272 2455 1455 2536 medicum,

281 2564 318 2626 ut
348 2562 437 2644 prius
466 2565 619 2641 sanetur,
652 2581 753 2645 quam
784 2561 918 2626 morbus
950 2560 1173 2642 ingravescat,
1198 2559 1243 2625 sic
1264 2559 1324 2626 tibi
1344 2559 1455 2625 statim

282 2667 531 2749 confugiendum
554 2669 603 2731 est
623 2666 666 2731 ad
687 2666 945 2749 philosophiam,
967 2684 1009 2730 ne
1031 2664 1165 2730 affectus
1179 2665 1227 2730 tui
1239 2665 1338 2731 animi
1349 2667 1456 2731 morbi

280 2773 371 2837 fiant.
407 2772 591 2854 „Optimum
613 2774 662 2835 est
682 2771 726 2836 ad
746 2771 888 2852 primum
909 2771 987 2835 mali
1008 2789 1141 2835 sensum
1161 2771 1285 2836 mederi
1302 2771 1454 2850 sibi‚tum

280 2878 387 2942 verbis
408 2896 538 2959 quoque
552 2877 619 2941 suis
629 2877 802 2941 minimum
812 2875 971 2941 libertatis
983 2876 1072 2953 dare,
1084 2879 1116 2941 et
1127 2876 1276 2942 inhibere
1286 2876 1454 2958 impetum.

280 2983 387 3049 Facile
409 2985 457 3048 est
478 2984 608 3062 autem,
629 2981 763 3047 affectus
786 3000 881 3061 suos,
904 2999 978 3045 cum
999 2980 1142 3062 primum
1165 2981 1323 3062 oriuntur,
1338 2981 1455 3062 depre-

280 3088 445 3155 hendere’'
486 3087 576 3163 (Sen.
608 3086 649 3151 de
680 3085 729 3151 ira
759 3085 809 3151 lll.
845 3086 905 3165 10).
946 3085 1162 3166 Remedium,
1187 3086 1281 3169 ¹quod
1313 3085 1456 3168 egotibi

279 3192 466 3276 praescribo
486 3191 589 3256 mullo
610 3190 744 3256 minoris
766 3193 901 3270 constat,
925 3209 1024 3273 quam
1049 3191 1136 3274 quod
1150 3191 1328 3257 valitudine
1339 3191 1454 3258 affecto

279 3296 424 3363 medicus
455 3297 589 3379 qnidam
618 3295 846 3360 celeberrimus
866 3295 1084 3378 praescripsit.
1117 3296 1281 3363 Converte
1301 3299 1334 3362 te
1355 3296 1454 3362 modo

280 3402 322 3467 ad
342 3400 591 3485 philosophiam,
613 3408 709 3478 γνῶθι
729 3397 854 3461 σεαυτὸν
865 3399 907 3478 (v.
918 3421 951 3482 p.
962 3401 1025 3480 72),
1047 3401 1167 3482 omnia,
1179 3404 1348 3483 quaesunt
1358 3401 1454 3468 huius

279 3511 406 3589 terrae,
427 3525 584 3588 spernens
605 3510 663 3583 (vs.
684 3505 825 3582 63-76).
857 3506 906 3570 Ne
927 3505 1122 3572 deterrearis
1145 3506 1266 3572 abono
1277 3507 1454 3589 proposito,

278 3613 367 3696 quod
395 3613 437 3692 ii,
458 3611 512 3695 qui
533 3611 754 3694 voluptatibus
775 3610 944 3691 indulgent
966 3613 999 3677 et
1021 3611 1186 3692 serviunt,
1209 3615 1241 3677 te
1262 3611 1452 3691 derideant,

278 3718 336 3784 sed
366 3736 549 3801 persevera.
592 3717 649 3781 Sin
679 3716 796 3781 redeas
827 3715 870 3780 ad
902 3715 1004 3780 vitam
1037 3716 1170 3782 stultam
1198 3717 1265 3781 sive
1285 3721 1453 3800 permotus

277 3823 396 3888 horum
437 3821 631 3888 miserorum
661 3820 940 3899 cavillationibus,
976 3820 1044 3884 sive
1076 3820 1146 3886 aliis
1179 3822 1303 3903 causis,
1335 3823 1453 3904 quibus

278 3926 518 4009 philosophiam
550 3925 693 4008 negligas
723 3926 776 3991 vel
806 3925 1021 4006 intermittas,
1054 3945 1153 4008 cave,
1184 3946 1326 4008 quaeso,
1348 3947 1390 3992 ne
1412 3928 1453 3994 de

278 4035 311 4097 te
341 4032 418 4111 fiat,
450 4031 539 4112 quod
569 4030 610 4095 de
643 4049 740 4110 aegro
771 4028 844 4111 illo,
877 4029 933 4112 qui
954 4030 1118 4096 medicum
1139 4030 1252 4097 adiens
1274 4032 1333 4113 (vs.
1351 4033 1403 4115 88)
1422 4033 1452 4099 ei

278 4137 364 4217 dicit,
386 4136 571 4202 valetudine
592 4135 701 4200 nescio
725 4153 790 4217 quo
812 4134 911 4198 modo
931 4134 1065 4200 affectus
1087 4155 1182 4215 sum3
1205 4157 1260 4202 cor
1280 4137 1360 4203 mihi
1381 4139 1452 4220 pal·

277 4241 361 4322 pitat
382 4243 414 4306 et
434 4240 564 4323 spiritus
585 4239 845 4319 contaminatus,
867 4257 935 4304 non
954 4257 1065 4305 rosam
1089 4241 1199 4322 olens,
1221 4241 1301 4306 mihi
1323 4262 1362 4308 ex
1379 4242 1451 4308 lau·

280 4346 370 4411 cibus
392 4346 552 4427 exsurgit;
573 4347 703 4427 pulsum
723 4363 903 4425 venarum,
925 4363 1067 4427 quaese,
1089 4346 1239 4428 attingas.
1270 4346 1452 4430 Respondit
