3402 5056
813 559 854 622 39

246 737 467 804 venerabilem
498 738 639 805 diceret’'
671 741 731 803 cet
762 737 851 814 (Seu.
874 756 926 819 ep.
948 739 1028 816 115).
1068 737 1162 803 Tunc
1188 737 1325 804 habebis
1350 738 1416 818 ,in-

246 845 375 908 coctum
404 862 562 924 generoso
582 845 697 926 pectus
717 826 885 915 hohestd',
913 847 992 908 tunc
1013 841 1150 909 habebis
1171 863 1337 908 summum
1357 843 1417 909 bo-

246 966 345 1024 num,
380 949 485 1031 ,quod
515 948 691 1013 honestum
722 951 789 1021 est,
821 950 854 1010 et
875 948 964 1030 quod
984 949 1088 1030 magis
1109 949 1292 1027 admirere,
1313 949 1419 1014 solum

245 1051 391 1118 bonum”
411 1052 499 1130 (Sen.
520 1073 571 1136 ep.
593 1053 652 1127 71).
683 1053 795 1126 Tunc,
817 1057 853 1116 ut
871 1053 1012 1118 breviter
1024 1053 1140 1128 dicam,
1161 1055 1420 1121 virtutemhube·

247 1157 306 1223 bis.
358 1157 399 1222 nt
438 1178 540 1240 quum
570 1158 675 1237 hanc,
706 1176 808 1239 quam
838 1157 1049 1238 Messalinus,
1082 1158 1209 1224 etiamsi
1240 1158 1419 1236 ἑκατόμβην

247 1262 414 1341 immolat,
445 1263 561 1328 offerre
592 1281 659 1327 non
688 1265 815 1343 potest,
845 1262 907 1327 deo
936 1282 965 1327 o.
995 1283 1038 1327 m.
1063 1263 1179 1337 dabis,
1199 1267 1278 1330 tunc
1299 1267 1418 1344 ,etiam

245 1367 333 1434 farre
354 1371 387 1433 et
407 1367 519 1434 fritilla
539 1367 706 1448 religiosus
728 1367 820 1432 eris'’.
841 1367 903 1447 (df.
926 1367 1001 1433 Seu.
1020 1369 1061 1433 de
1082 1368 1188 1435 bonel.
1211 1370 1231 1434 1.
1243 1370 1273 1434 6.
1286 1374 1318 1434 et
1329 1389 1416 1453 quae

249 1475 362 1539 annot.
383 1472 435 1538 ad.
456 1491 504 1537 vs.
525 1471 639 1551 29130.)

701 1756 884 1822 CAPUT
915 1758 968 1822 lll.
1168 1777 1173 1790 ·

657 1955 707 2000 no
739 1955 928 2001 surruuu
958 1934 1010 2000 lll.

287 2111 359 2179 Hac
379 2113 481 2179 satira
500 2114 631 2179 Persius
643 2115 778 2178 modum
791 2131 996 2196 perversum,
1019 2131 1084 2197 quo
1095 2115 1237 2182 Romani
1250 2119 1348 2198 poeta
1360 2115 1420 2182 llo-

249 2221 342 2283 rente
354 2218 592 2301 philosophiam
604 2220 804 2299 tractabant,
824 2219 1021 2302 perstringit.
1041 2219 1148 2302 Fingit
1159 2220 1421 2303 adolescentem,

254 2323 309 2406 qui
329 2341 396 2388 non
416 2325 514 2405 plane
536 2324 626 2389 rudis
647 2327 697 2389 est
707 2325 870 2390 bonarurn
880 2324 1021 2405 artium,
1046 2325 1102 2407 qui
1113 2307 1245 2407 quidem
1256 2326 1423 2408 paulisper

251 2430 397 2496 scholam
428 2429 612 2512 philosophi
644 2430 813 2496 cuiusdam
845 2430 935 2495 stoici
962 2430 1198 2513 frequentavit,
1220 2431 1279 2496 sed
1299 2449 1422 2514 pronus

251 2536 294 2602 ad
314 2535 478 2618 ignaviam
499 2535 730 2617 philosophum
751 2539 784 2600 et
804 2539 981 2618 praecepta
1001 2555 1069 2601 non
1090 2536 1229 2619 amplius
1250 2540 1350 2616 curat,
1371 2540 1423 2604 vel

251 2641 359 2724 polius
380 2643 458 2705 tunc
478 2644 624 2721 tanturn,
645 2660 747 2723 quum
768 2641 897 2706 animus
919 2643 1000 2722 lert,
1022 2642 1214 2707 lectionibus
1236 2642 1382 2708 interest.

290 2745 442 2827 Plerique
474 2746 696 2810 adolescentes
726 2747 854 2811 romani
886 2766 953 2812 non
981 2747 1065 2812 serio
1086 2747 1423 2830 philosophabantur,

250 2852 309 2916 sed
340 2851 517 2916 censebant
547 2851 626 2917 satis
657 2871 820 2935 superque
842 2852 931 2932 iore,
953 2852 979 2916 si
999 2855 1176 2934 praecepta
1197 2852 1335 2918 moralia
1355 2853 1422 2935 pri-

251 2955 396 3021 moribus
422 2991 455 3000 -
479 2958 515 3020 ut
535 2957 581 3021 ita
602 2956 709 3021 dicam
732 2956 889 3022 -labris
912 2959 1097 3038 gustassent
1108 2960 1139 3020 et
1151 2957 1332 3022 sententias
1343 2976 1423 3024 non·

251 3061 376 3140 nullae,
408 3079 490 3142 quas
522 3060 676 3142 magister
707 3061 879 3140 edidisset,
913 3061 1101 3126 ediscerent.
1141 3060 1295 3126 Libenter
1326 3081 1422 3128 voces

251 3166 366 3232 inanes
387 3167 588 3245 fundebant,
610 3187 679 3232 rem
700 3154 805 3249 ipsam
825 3171 937 3233 tamen
954 3167 1161 3248 nonpenitus
1176 3168 1421 3248 pernoscebant.

293 3272 397 3336 Poeta
427 3271 524 3353 igitur
554 3272 747 3337 adhortatur
778 3272 822 3338 ad
851 3271 1092 3354 philosophiam
1120 3272 1328 3336 tractandam
1355 3293 1423 3340 non

252 3376 358 3441 obiter
378 3377 436 3441 sed
457 3379 622 3454 accurate,
643 3396 710 3442 non
731 3377 894 3443 interdum
916 3376 1061 3443 seduno
1082 3379 1215 3455 tenore3
1237 3396 1315 3443 narn
1340 3399 1422 3459 ,non

253 3501 326 3547 curn
357 3482 543 3562 vacaveris,
575 3481 873 3564 philosophandum
897 3485 966 3561 est;
988 3482 1099 3548 omnia
1120 3482 1184 3547 alia
1204 3484 1422 3566 neglegenda,

252 3590 288 3654 ut
318 3587 393 3654 huic
423 3587 634 3652 assideamus.
677 3586 736 3654 Cui
766 3588 890 3654 nullum
924 3591 1053 3669 tempus
1075 3587 1154 3653 satis
1176 3606 1332 3670 magnum
1354 3593 1421 3674 est,

251 3693 351 3760 etiarn
372 3692 399 3757 si
420 3712 440 3758 a
460 3692 600 3775 pueritia
620 3712 723 3776 usque
746 3693 788 3759 ad
808 3693 1013 3775 longissimos
1034 3692 1168 3758 humani
1181 3693 1253 3759 aevi
1266 3695 1422 3763 terminos

251 3797 320 3863 vita
349 3798 564 3880 protenditur.
601 3800 675 3864 Non
696 3799 835 3863 multum
856 3797 974 3877 refert,
997 3800 1105 3863 utrum
1128 3798 1259 3864 omittas
1280 3800 1422 3882 philoso-

251 3903 372 3987 phiam,
394 3923 437 3969 an
458 3904 654 3969 intermittas
669 3907 735 3982 ³²);
756 3904 931 3983 nonenim,
953 3903 1008 3968 ubi
1021 3902 1204 3984 interrupta
1221 3907 1279 3985 est,
1300 3911 1422 3990 manet,

250 4010 442 4076 acdeorum
464 4029 576 4090 more,
598 4027 683 4092 quae
705 4010 832 4075 intenta
853 4009 1032 4091 dissiliunt,
1060 4026 1164 4090 usque
1187 4010 1230 4075 ad
1250 4011 1342 4078 initia
1362 4032 1423 4081 sua

251 4117 406 4198 recurrit,
427 4117 516 4200 quod
538 4135 558 4182 a
579 4115 822 4181 continuatione
839 4115 1022 4181 discessat’'.
1044 4112 1168 4193 Quibus
1178 4116 1286 4182 verbis
1296 4118 1423 4185 Seneca

251 4227 314 4304 (ep.
336 4222 387 4301 ln)
408 4221 512 4287 multa
533 4225 705 4304 praeterea
726 4220 895 4286 utilissima
917 4222 949 4285 et
969 4219 1252 4302 praestantissima
1266 4222 1421 4306 adjungit.

290 4327 593 4410 Philosophandum
614 4329 678 4407 est,
709 4325 768 4392 sed
787 4325 1011 4408 philosophiae
1032 4325 1092 4391 toti
1113 4329 1145 4392 et
1166 4325 1368 4410 dogmaticae
1390 4332 1423 4396 et

203 4455 207 4462 ·
251 4433 479 4524 paraeneticae
509 4431 708 4500 studendum
730 4434 797 4514 est,
829 4431 856 4498 si
878 4430 950 4518 quis
971 4430 1078 4500 bonus
1098 4449 1136 4500 ac
1156 4430 1232 4500 lelix
1251 4433 1321 4500 vult
1341 4432 1422 4504 fieri.
