3402 5056
848 565 867 630 9

265 752 328 828 (ep.
337 745 400 828 79),
424 745 526 824 ,inter
547 748 655 811 cetera
674 745 737 838 hoc
757 745 857 810 habet
879 745 956 810 boni
974 745 1151 826 sapientia:
1174 764 1271 810 nemo
1284 744 1326 810 ab
1339 745 1440 810 altero

266 853 374 934 potest
394 850 498 930 vinci,
520 851 580 914 nisi
602 851 680 915 dum
705 850 922 916 adscenditur.
967 850 1050 915 Cum
1074 851 1117 916 ad
1138 870 1302 915 summum
1326 870 1441 933 perve-

266 956 373 1035 neris,
403 955 497 1038 paria
527 957 613 1020 sunt.
640 956 714 1020 Non
735 959 785 1020 est
805 955 1008 1020 incremento
1033 957 1146 1035 loono,
1167 955 1302 1020 statur”.
1333 954 1442 1032 Quum

266 1061 364 1143 igitur
383 1061 483 1126 talem
505 1060 687 1142 sapientem
708 1059 982 1142 interpretentur,
1004 1080 1072 1125 non
1093 1061 1279 1126 mirandum
1302 1063 1351 1125 est
1369 1061 1441 1125 nul-

269 1167 337 1231 lum
368 1165 541 1230 mortalem
573 1165 680 1229 adhuc
712 1165 908 1247 sapientiam
940 1168 1123 1230 assecutum
1155 1185 1233 1230 esse.
1283 1165 1380 1226 ’Ἐστι
1411 1165 1443 1226 δὲ

265 1263 352 1341 οὗτος
383 1270 511 1348 οὐδαμοῦ
541 1279 611 1346 γῆς,
644 1267 708 1332 οὐδὲ
738 1271 873 1345 γέγονεν.
920 1270 1042 1335 Omnes
1076 1271 1173 1351 igitur
1204 1272 1361 1351 homnes,
1384 1273 1440 1353 qui

266 1378 354 1442 hunc
375 1377 489 1442 orbem
510 1379 674 1440 terrarum
694 1376 761 1441 iam
783 1377 988 1440 incoluerunt
1010 1378 1042 1440 et
1063 1375 1331 1455 nuncincolunt‚
1353 1376 1440 1457 digni

266 1485 362 1563 sunt,
393 1482 450 1564 qui
480 1482 569 1546 stulti
599 1485 776 1558 vocentur;
810 1501 1013 1563 quamquam
1045 1481 1181 1546 stultitia
1202 1480 1384 1546 Socratium
1408 1485 1440 1546 et

266 1589 434 1654 Zenonum
455 1586 614 1651 eiusmodi
635 1587 704 1667 luit,
725 1589 762 1650 ut
783 1587 849 1651 iam
869 1587 904 1650 in
913 1586 1021 1650 vicina
1032 1590 1125 1668 parte
1136 1585 1317 1667 sapientiae
1328 1588 1440 1652 staret.

306 1692 355 1760 Ne
385 1693 481 1775 plura
500 1692 626 1772 dicam,
658 1692 788 1773 sapiens
810 1692 862 1757 ille
885 1711 980 1757 verus
1002 1695 1051 1756 est
1072 1691 1195 1773 species
1218 1695 1357 1756 naturae
1376 1692 1439 1757 hu·

267 1817 406 1877 manae,
428 1797 558 1879 qualern
581 1797 623 1862 ad
644 1817 810 1862 summurn
833 1797 1011 1862 nobilitatis
1033 1797 1196 1878 fastigium
1209 1799 1355 1862 evectam
1365 1797 1439 1878 phi-

266 1903 393 1986 losophi
413 1922 524 1968 secum
546 1903 655 1968 animo
678 1903 902 1985 cogitaverunt
916 1905 1067 1968 etesuae
1079 1902 1247 1968 doctrinae
1257 1902 1439 1984 praeceptis

266 2008 328 2073 sibi
359 2007 533 2074 tinxerunt.
566 2007 601 2072 Si
632 2008 704 2090 quis
729 2009 922 2090 sapientiam
944 2008 1010 2073 iam
1033 2009 1170 2090 adeptus
1192 2011 1260 2088 est,
1281 2007 1351 2072 fieri
1372 2027 1439 2074 non

266 2116 394 2196 potest,
425 2118 461 2180 ut
491 2114 685 2195 sapientiam
718 2114 786 2178 sive
816 2114 970 2178 virtutem
1002 2115 1132 2179 amittat
1161 2117 1194 2178 et
1213 2113 1247 2178 in
1268 2113 1437 2179 stultitiam

266 2219 442 2284 relabatur.
474 2220 584 2284 Virtus
612 2220 699 2283 eninr
721 2224 770 2284 est
791 2219 911 2301 ingenii
932 2222 1035 2284 status
1057 2219 1205 2283 doctrina
1225 2218 1384 2284 formatus
1406 2223 1438 2286 et

266 2309 410 2403 auctus3'
433 2328 482 2389 est
502 2326 633 2391 habitus
655 2326 799 2407 optimae
821 2325 950 2389 mentis.
984 2324 1109 2402 ,Semel
1130 2324 1241 2389 traditi
1262 2325 1340 2389 boni
1362 2345 1437 2406 per·

266 2433 369 2511 petua
399 2431 559 2511 possessio
581 2433 648 2510 est,
680 2450 746 2495 non
768 2430 943 2496 dediscitur
963 2430 1085 2495 virtus’'
1107 2429 1196 2511 (Sen.
1218 2450 1267 2512 ep.
1289 2431 1349 2506 50).
1381 2432 1436 2497 Et·

265 2537 360 2601 iamsi
392 2536 522 2617 sapiens
544 2537 577 2600 id
599 2537 718 2617 egerit,
744 2537 831 2618 quod
852 2536 947 2601 bonis
967 2536 1114 2600 moribus
1135 2540 1312 2619 repugnet,
1333 2539 1437 2604 status

265 2640 365 2706 animi
387 2641 463 2707 inde
484 2661 551 2706 non
572 2642 784 2721 immutatur,
805 2651 903 2721 nam,
925 2644 961 2705 ut
982 2660 1082 2723 supra
1102 2641 1169 2707 iam
1179 2642 1329 2722 vidimus,
1350 2643 1436 2708 facta

264 2746 310 2810 nil
330 2747 489 2811 momenti
511 2747 650 2812 afferunt
671 2751 728 2812 aut
749 2748 792 2812 ad
812 2749 967 2812 virtutem
988 2750 1045 2812 aut
1066 2748 1109 2812 ad
1131 2747 1255 2812 vitium.

304 2851 389 2916 Fieri
430 2870 497 2915 non
527 2854 676 2932 poterat,
714 2852 794 2934 quin
825 2852 871 2916 ita
903 2852 1131 2917 concludentes
1162 2852 1287 2916 aditum
1320 2852 1437 2918 darent

263 2957 307 3022 ad
327 2957 489 3038 quaslibet
510 2957 653 3021 actiones
673 2958 785 3038 turpes
807 2960 839 3021 et
859 2957 1068 3034 inhonestas;
1090 2956 1230 3038 sapienti
1241 2957 1329 3022 enim
1340 2958 1435 3040 quid·

263 3062 312 3128 vis
342 3063 449 3128 facere
471 3063 544 3125 licet
566 3081 699 3141 eorum,
732 3081 816 3144 quae
838 3063 1003 3143 pertinent
1024 3062 1066 3127 ad
1087 3062 1227 3142 ἀδιάφορα
1249 3061 1317 3127 sive
1338 3062 1434 3127 indii-

262 3167 419 3248 ferentia,
440 3168 558 3251 quibus
579 3187 619 3232 ex
640 3169 742 3232 libero
764 3168 899 3233 arbitrio
920 3168 967 3232 uti
989 3169 1017 3233 ei
1039 3186 1227 3232 concessum
1250 3171 1308 3233 est.

301 3272 461 3338 Omnibus
482 3277 532 3338 est
551 3276 675 3352 notum,
697 3273 785 3355 quod
807 3293 842 3338 re
858 3275 1047 3355 perpetrata
1059 3274 1335 3338 confirmaverunt
1347 3275 1433 3341 Zeno

262 3381 360 3461 atque
381 3377 565 3457 Cleanthes,
576 3379 716 3460 sapienti
725 3382 866 3444 mortem
877 3398 1006 3444 sumere
1016 3379 1122 3458 licere,
1146 3379 1434 3463 etiamaliquando

261 3485 396 3562 decere;
427 3504 506 3550 nam
536 3503 625 3549 mors
657 3488 690 3549 et
720 3485 787 3550 vita
815 3484 963 3567 adaeque
984 3488 1061 3549 sunt
1083 3485 1117 3549 in
1139 3504 1276 3550 numero
1299 3505 1433 3566 eorum,

261 3610 345 3673 quae
367 3590 587 3656 indifferentia
607 3591 771 3656 habentur
789 3589 843 3666 1³).
875 3591 924 3654 En
935 3590 1047 3670 habes,
1069 3609 1154 3672 quae
1165 3590 1275 3655 scribit
1285 3591 1433 3656 Laertius

260 3697 346 3762 inter
376 3697 507 3762 decreta
537 3697 746 3761 Zenoniana:
779 3695 923 3771 Εὐλόγως
954 3696 987 3758 τέ
1019 3717 1105 3776 φασιν
1128 3694 1239 3776 ἐξάξειν
1259 3693 1360 3756 ἑαυτὸν
1381 3702 1432 3756 τοῦ

260 3801 327 3876 βίου
346 3799 398 3862 τὸν
418 3799 519 3882 σοφὸν,
540 3799 589 3865 καὶ
609 3799 682 3877 ὑπὲρ
692 3802 846 3878 πατρίδος,
868 3798 1107 3881 καὶὐσὲρφίλων.
1133 3799 1197 3881 Kato
1207 3799 1235 3862 ἐν
1245 3803 1432 3884 σκληροτέρᾳ

258 3907 380 3982 γένηται
401 3907 555 3982 ἀλγηδόνι,
578 3904 595 3976 ἢ
616 3908 791 3983 πηρώσεσιν,
815 3904 832 3976 ’ὴ
853 3908 946 3975 νόσοις
966 3906 1102 3976 ἀνιάτοις,
1137 3907 1240 3971 Multa
1261 3907 1356 3972 huius
1375 3928 1430 3990 ge·

260 4014 346 4077 neris
367 4014 563 4077 documenta
584 4015 675 4093 apud·
693 4013 838 4095 Lipsium
859 4013 946 4090 (diss,
969 4013 1072 4077 antio.
1086 4012 1431 4093 3manud.tinvenies.

259 4119 326 4184 Nec
356 4118 418 4182 hoc
445 4118 550 4182 solum
581 4118 639 4182 sed
668 4117 870 4183 atrocissima
891 4136 1040 4199 quaeque
1062 4117 1216 4196 facinora,
1238 4137 1317 4198 prae
1337 4138 1430 4183 vere·

260 4223 379 4288 cundia
399 4223 527 4287 silentio
548 4223 747 4316 premenda,
780 4223 919 4305 sapienti
940 4225 1129 4304 perpetrare
1151 4243 1339 4288 concessum
1361 4228 1429 4302 est,

259 4329 317 4394 sed
338 4329 401 4393 hac
421 4329 511 4410 lege,
533 4331 568 4392 ut
589 4327 670 4393 nihil
690 4329 808 4393 horum
831 4330 1012 4394 committat
1033 4328 1201 4394 affectibus
1222 4329 1371 4394 incitatus
1379 4331 1429 4404 (cf.

259 4434 351 4518 Diog.
372 4435 479 4501 Laert.
501 4433 535 4500 in
556 4433 624 4501 vita
645 4433 817 4520 Chrysippi
838 4453 863 4500 c.
878 4435 1055 4514 tsi-18&
1076 4434 1110 4500 in
1121 4435 1187 4502 vita
1198 4435 1335 4504 Zenonis
1349 4437 1428 4517 1021).
