3402 5056
812 543 851 606 dt)

242 722 349 798 setur,
371 739 464 785 mens
486 721 539 786 illa
560 721 671 786 divina
692 725 823 801 tamen,
845 739 930 803 quae
953 720 1040 785 etin
1063 720 1188 785 mundo
1210 721 1243 783 et
1263 719 1297 782 in
1320 716 1413 784 nobis

243 827 310 903 est,
332 843 428 906 aegre
449 825 526 890 inde
546 826 637 891 salva
659 826 787 891 evadat.

283 930 352 994 lam
373 931 561 996 omittamus
582 933 669 996 hunc
689 933 795 995 locum
817 931 1047 1007 obscuriorem,
1068 932 1104 993 ut
1115 947 1175 992 nos
1187 929 1414 1012 convertamus

243 1034 286 1099 ad
307 1034 405 1098 aliam
426 1035 649 1116 philosophiae
670 1038 819 1116 partem,
847 1035 1099 1116 psychologiam.
1131 1034 1177 1098 Ex
1198 1033 1246 1110 iis,
1270 1051 1355 1113 quae
1374 1030 1415 1094 de

242 1137 450 1220 psychologia
471 1139 653 1224 Stoicorum
674 1139 796 1204 tradita
817 1139 996 1218 habemuS,
1018 1141 1145 1202 constat
1160 1157 1216 1201 eos
1228 1137 1413 1201 discernere

243 1243 335 1324 ψυχὴν
365 1244 478 1319 ἄλογον
511 1250 542 1307 ol
564 1245 656 1325 ψυχὴν
678 1247 808 1320 λογικόν.
843 1245 899 1309 Est
919 1245 974 1308 illa
996 1245 1107 1308 anima
1127 1243 1195 1307 slve
1218 1242 1265 1306 vis
1286 1241 1413 1318 ritalls;

242 1349 324 1413 haec
355 1352 403 1412 est
436 1350 547 1414 anima
569 1350 757 1428 rationalis,
779 1349 907 1413 animus
929 1350 996 1413 sivo
1018 1367 1128 1418 mens,
1152 1366 1253 1430 quem
1275 1345 1413 1411 eandem

244 1455 425 1536 appellasse
446 1455 597 1520 videnlur
619 1455 654 1514 τὸ
672 1453 857 1532 ἡγεμονικὸν,
882 1453 1064 1530 λογιστικὸν,
1087 1454 1221 1526 διάνοιαν,
1235 1449 1413 1532 principale

244 1560 404 1639 (Seneca),
426 1561 642 1642 principatum
656 1561 757 1640 (Cic.);
768 1565 943 1642 utrumque
955 1559 1114 1640 expressis
1126 1557 1232 1622 verbis
1245 1555 1413 1636 distinguit

244 1664 437 1730 Plutarchus
459 1667 513 1741 (de
535 1667 616 1747 plac.
637 1665 715 1747 phil.
739 1665 788 1730 lV.
810 1665 851 1739 t).
874 1665 975 1728 Sedes
996 1671 1048 1724 τοῦ
1068 1667 1244 1738 ἡγεμονικοῦ
1264 1663 1299 1725 in
1318 1658 1414 1725 corde

245 1773 294 1834 est
314 1769 362 1847 (cf¹
387 1771 475 1851 Diog.
497 1768 603 1835 Laert.
626 1771 689 1833 Vll.
714 1770 791 1833 159:
813 1767 987 1845 ἡγεμονικὸν
1005 1765 1037 1828 δὲ
1049 1759 1114 1827 εἶναι
1125 1766 1161 1826 τὸ
1172 1767 1349 1842 κυριώτατον
1360 1771 1415 1833 τῆς

245 1880 349 1955 ψυχῆς,
383 1874 411 1935 ἓν
442 1866 513 1951 dat
533 1878 691 1954 φκντασὶαι
711 1876 759 1936 καὶ
779 1879 807 1934 αἱ
828 1873 914 1950 ὁρμαὶ
935 1877 1101 1949 γίγνονται,
1123 1871 1172 1934 καὶ
1193 1869 1262 1932 ὅθεν
1284 1871 1298 1928 ὁ
1320 1871 1414 1943 λόγος

245 1980 464 2056 ἀναπέμπεται.
490 1978 561 2054 ὅπερ
583 1969 649 2037 eluar
670 1977 698 2038 ἓν
718 1980 833 2060 axpdlcp.
858 1979 942 2043 Plut.
964 1977 1004 2042 de
1016 1971 1096 2058 plac.
1109 1977 1186 2058 phil.
1195 1977 1237 2054 5).
1260 1974 1415 2038 Statuunt

244 2083 340 2164 igitur
361 2085 442 2147 duos
462 2084 559 2148 simul
578 2085 611 2146 in
627 2084 741 2146 eodem
753 2083 885 2147 homine
898 2081 1024 2147 animos
1036 2101 1115 2146 esse.
1137 2081 1263 2144 Horum
1276 2078 1414 2144 alterum

243 2187 368 2262 ἄλογον,
391 2188 446 2270 qui
467 2188 562 2252 nobis
583 2207 656 2252 cum
677 2187 789 2253 bestiis
811 2188 991 2252 communis
1012 2187 1062 2257 sit,
1085 2205 1144 2268 per
1156 2183 1414 2266 procreationem

245 2311 265 2356 a
296 2293 486 2375 parentibus
516 2293 621 2372 tradi,
652 2312 719 2357 una
751 2313 824 2357 cum
846 2312 1000 2373 corpore,
1022 2291 1110 2374 quod
1132 2292 1173 2354 ab
1196 2309 1234 2354 eo
1256 2289 1362 2353 alatur
1384 2289 1416 2351 et

245 2401 435 2477 moveatur,
468 2417 611 2462 crescere
633 2417 670 2462 ac
691 2397 826 2462 virtutes
847 2417 923 2461 suas
945 2397 1115 2478 explicare.
1148 2396 1296 2459 Alterum
1316 2411 1414 2469 vero,

246 2501 377 2577 λογικὸν,
411 2503 545 2576 bravum,
578 2521 645 2567 non
677 2502 911 2583 propagatione
943 2501 1027 2565 tradi
1049 2502 1107 2566 sed
1128 2499 1326 2564 extrinsecus
1348 2497 1415 2561 sive

245 2610 321 2670 ante
354 2607 421 2670 sive
453 2611 526 2688 post
556 2611 688 2688 partum
710 2607 917 2672 nascentibus
943 2607 977 2670 in
999 2625 1115 2686 corpus
1137 2603 1295 2668 insinuari
1316 2603 1414 2683 (Lips.

246 2710 320 2775 dise.
343 2711 399 2774 Vll
420 2711 473 2774 lib.
497 2712 537 2774 lll
558 2704 673 2794 phys).
697 2711 762 2775 Sed
784 2712 853 2775 aliis
876 2711 968 2776 aliter
989 2711 1094 2775 visum
1117 2713 1173 2772 est.
1379 2701 1381 2708 ⁴

285 2815 353 2878 lam
373 2815 563 2896 videamuS,
603 2816 768 2898 quomodo
799 2816 880 2880 haec
912 2835 985 2880 cum
1017 2815 1164 2879 doctrina
1191 2813 1231 2878 de
1264 2813 1415 2890 aethere,

245 2939 344 3001 quam
367 2921 590 3002 exposuimus,
612 2924 800 3002 congruant.

284 3027 352 3090 lam
382 3026 567 3090 monuimus
589 3028 723 3090 aethera
744 3024 862 3105 partim
885 3045 1003 3106 purum
1025 3044 1132 3106 neque
1153 3023 1223 3088 aliis
1246 3023 1415 3087 elementis

246 3131 422 3196 admistum
452 3131 486 3195 in
507 3131 642 3195 summis
663 3130 777 3194 mundi
798 3130 984 3211 regionibus
1007 3129 1153 3193 relictum
1176 3148 1262 3209 esse,
1295 3127 1415 3209 parlim

247 3240 358 3315 utpote
381 3236 524 3300 animam
545 3235 659 3299 mundi
682 3235 838 3298 materiae
859 3234 1006 3312 misceri,
1039 3233 1129 3298 cuius
1151 3237 1260 3315 partes
1282 3232 1333 3296 vel
1353 3231 1415 3295 mi-

246 3342 352 3405 nimas
373 3340 540 3422 pervadat.

286 3445 407 3509 Anima
437 3445 505 3509 sive
536 3445 584 3508 vis
606 3443 772 3522 animalis,
802 3463 888 3527 quae
910 3461 1026 3524 corpus
1048 3444 1229 3520 sustentat,
1251 3461 1364 3506 sensus
1385 3443 1418 3505 et

246 3553 354 3614 molus
376 3548 492 3626 efficit,
515 3553 562 3613 est
584 3549 706 3612 vitain
728 3549 864 3612 materia
887 3547 955 3612 sive
978 3547 1111 3625 aether,
1133 3546 1242 3629 quoad
1258 3544 1416 3611 materiae

246 3655 353 3720 inlusa
375 3658 442 3731 est,
466 3691 501 3700 -
525 3653 610 3718 hanc
631 3653 796 3733 animam,
818 3672 918 3735 quum
940 3653 982 3716 sit
1003 3653 1105 3717 animi
1125 3653 1240 3716 mundi
1260 3671 1356 3732 pare,
1378 3671 1417 3716 ex

248 3760 384 3824 materia
415 3759 448 3822 in
479 3759 650 3826 materiam
672 3759 869 3840 propagari,
891 3777 910 3822 a
932 3756 1179 3838 procreantibus
1200 3757 1309 3837 partui
1331 3756 1417 3819 tradi

246 3885 379 3931 necesse
401 3868 458 3928 est.
490 3864 552 3927 Hic
574 3864 687 3928 aether
709 3863 743 3926 in
764 3863 935 3927 materiam
958 3863 1125 3927 demersus
1146 3881 1213 3926 non
1225 3881 1263 3926 ea
1274 3860 1417 3942 puritate

247 3976 304 4036 aut
335 3971 373 4034 iis
404 3970 577 4034 virtutibus
611 3989 681 4034 esse
702 3972 827 4050 polest,
849 3969 966 4051 quihus
987 3967 1060 4046 ille,
1082 3967 1138 4049 qui
1159 3967 1364 4048 incorruptus
1385 3971 1418 4032 et

246 4076 371 4156 integer
391 4074 426 4138 in
446 4094 576 4139 summa
596 4074 710 4138 mundi
731 4074 862 4156 regione
883 4073 1019 4138 habitat.
1042 4073 1180 4136 Animus
1191 4072 1304 4136 mundi
1315 4072 1418 4135 vitam

247 4183 449 4258 sustentare,
481 4184 589 4243 molus
622 4179 764 4259 corporis
797 4199 928 4260 regere,
951 4177 1104 4260 quinquid
1125 4180 1243 4240 natura
1264 4176 1416 4258 postulat,

248 4284 460 4366 suppeditare
480 4284 586 4360 valel3
608 4284 651 4348 ad
671 4286 816 4347 mentem
838 4283 905 4348 sive
927 4282 1112 4348 lacultalem
1126 4281 1417 4362 cogitandiimper·

250 4391 396 4456 tiendam
428 4408 495 4455 non
515 4388 643 4453 suflicit.
674 4387 768 4453 Hanc
789 4387 830 4452 ob
853 4407 922 4453 rem
944 4387 1042 4452 Stoici
1062 4389 1207 4450 mentem
1228 4386 1296 4450 sive
1317 4385 1417 4450 animi
