3382 5056
824 518 863 583 74

298 698 429 781 Respue
453 699 542 782 quod
563 717 629 763 non
650 699 702 762 est
736 697 785 762 Te
806 698 905 763 talem
926 698 1069 780 praebe,
1091 700 1196 781 qualis
1218 721 1272 781 es,
1294 719 1354 767 nec
1372 721 1429 784 ag·

259 805 406 886 gradiere
428 803 481 886 id,
504 804 547 869 ad
570 803 659 887 quod
678 801 764 868 vires
786 805 863 867 tuae
881 804 1188 886 nonsuppeditant;
1208 805 1305 887 igitur
1319 809 1427 885 ,sutor

150 981 153 990 Ἰ
260 909 409 975 neultra
430 909 625 992 crepidam''.
657 907 725 972 Sua
746 906 883 990 quisque
905 908 989 974 ferat
1009 927 1130 989 onera,
1158 930 1218 975 sua
1238 930 1300 976 nec
1320 911 1427 978 aliena

262 1017 338 1096 agat
358 1014 489 1095 negotia
539 1012 652 1078 Ultimi
672 1012 707 1078 hi
728 1013 792 1077 duo
813 1032 926 1078 versus
947 1013 1069 1096 optime
1090 1015 1254 1097 quadrant
1283 1016 1317 1081 in
1339 1035 1434 1098 eum,

262 1118 318 1200 qui
340 1120 457 1185 stultus
477 1119 712 1202 rempublicam
734 1117 916 1200 gubernare
929 1118 1017 1183 vult.

722 1475 905 1542 CAPUT
938 1476 974 1541 V.

676 1693 725 1737 An
756 1690 947 1738 sarrana
978 1670 1016 1736 V.

302 1851 389 1916 Inter
410 1851 569 1932 optimas,
601 1851 738 1916 fortasse
760 1850 918 1934 optimam
938 1853 1024 1918 hanc
1044 1851 1181 1917 satiram
1202 1869 1272 1917 esse
1296 1869 1431 1916 censen-

265 1955 342 2020 dam
374 1974 471 2020 nemo
492 1959 556 2036 est,
578 1955 657 2038 quin
678 1955 816 2021 lectione
838 1961 972 2039 peracta
993 1957 1086 2022 facile
1109 1958 1271 2038 agnoscat.
1314 1954 1437 2021 Omnes

266 2063 391 2126 ceteras
412 2061 575 2128 evidentia
595 2065 628 2126 et
649 2062 879 2144 perspicuitate
900 2063 1059 2128 sermonis
1071 2063 1321 2146 longesuperat.
1352 2062 1437 2128 Sunt

265 2164 398 2248 quidem
429 2167 550 2246 passim
571 2186 686 2247 voces,
717 2186 802 2249 quae
823 2168 964 2233 nubibus
988 2171 1019 2232 et
1043 2168 1179 2250 caligine
1200 2169 1334 2249 opertae
1355 2167 1436 2248 luce,

266 2289 366 2352 quam
397 2271 512 2337 afferat
542 2271 707 2354 ingenium
738 2274 904 2355 quoddam
935 2273 1162 2356 splendidum,
1193 2271 1359 2354 indigent,
1380 2271 1439 2339 sed

266 2376 327 2442 toti
347 2395 465 2458 parum
486 2380 615 2443 nocent.

308 2480 415 2560 Quum
445 2502 556 2548 meum
586 2502 653 2548 non
683 2503 757 2549 rear
788 2483 915 2566 singula
951 2485 1073 2563 verba,
1104 2483 1199 2567 quasi
1231 2502 1346 2548 aurum
1377 2483 1438 2564 sit,

268 2605 350 2670 quas
380 2587 511 2669 reliquit
538 2589 668 2652 Persius
700 2589 899 2667 sententiaS,
935 2589 969 2654 in
1003 2589 1121 2654 libram
1155 2588 1344 2669 imponere,
1382 2588 1441 2654 sed

268 2683 371 2757 multo
395 2692 499 2775 magis
519 2712 710 2775 expromere
737 2693 845 2777 siquid
866 2694 967 2760 lateat
988 2693 1124 2759 rationis
1145 2693 1288 2774 stoicae,
1319 2694 1440 2760 multos

269 2816 381 2863 versus
412 2817 451 2863 ac
480 2817 576 2863 voces
606 2797 734 2862 silentio
765 2799 962 2881 praeteribo.
1017 2798 1441 2880 Casaubonus‚Ja11nius,

270 2903 324 2969 alii
355 2902 460 2968 nubes
501 2902 529 2966 si
569 2922 637 2967 non
666 2921 800 2984 omnes,
831 2903 988 2985 plurimas
1021 2906 1108 2968 certe
1139 2903 1359 2968 discusserunt
1390 2903 1441 2969 vel

269 3008 449 3091 propellere
481 3006 588 3072 conati
619 3008 704 3073 sunt.
749 3007 850 3073 Primi
873 3007 988 3090 igitur,
1017 3008 1061 3072 ad
1081 3015 1163 3091 quos
1185 3008 1440 3104 attendendum

270 3113 350 3178 mihi
370 3113 515 3192 videtur,
544 3115 621 3177 sunt
640 3132 753 3177 versus
774 3113 813 3177 ii
834 3133 926 3195 sqq,
948 3112 1066 3194 quibus
1087 3115 1185 3194 poeta
1207 3112 1361 3194 magistro
1382 3131 1442 3177 suo

271 3219 395 3303 optimo
426 3217 593 3282 carissimo
624 3217 707 3299 grati
739 3218 839 3282 animi
871 3219 1014 3284 latebras
1049 3220 1081 3283 et
1112 3236 1257 3282 recessus
1286 3217 1442 3282 recondit.

270 3324 417 3407 Inspice,
450 3322 630 3400 exclamat,
662 3326 701 3387 ol
735 3322 897 3403 Cornuto,
919 3323 968 3388 vir
990 3323 1196 3403 doctissime,
1218 3321 1274 3405 qui
1295 3321 1444 3388 doctrina

270 3429 437 3495 institutus
468 3426 626 3507 didicisti,
652 3429 788 3506 utrum,
820 3448 905 3511 quae
936 3429 1079 3494 dicturus
1101 3447 1194 3508 sum,
1215 3446 1294 3493 vera
1314 3427 1379 3492 sint
1400 3445 1444 3494 an

271 3533 605 3616 simulata,'inspice,
627 3533 742 3614 sodes,
765 3537 890 3617 quanta
912 3555 1006 3601 meae
1028 3535 1116 3601 vitae
1137 3553 1214 3617 pars
1237 3536 1297 3599 tua
1317 3533 1367 3598 sit.

313 3639 374 3706 Hic
405 3657 537 3704 necesse
568 3641 618 3703 est
648 3639 841 3719 audiamus,
875 3639 955 3722 quid
976 3639 1076 3704 Stoici
1100 3641 1132 3704 et
1154 3638 1267 3704 Cicero
1291 3640 1323 3704 et
1344 3637 1444 3722 siquis

274 3744 355 3812 alius
375 3742 474 3809 stoice
495 3742 620 3808 locutus
642 3746 691 3809 est
711 3743 752 3809 de
768 3745 911 3810 amicitia
923 3743 1146 3826 cogitaverint.
1167 3744 1256 3808 Inter
1265 3743 1444 3826 paradoxa,

273 3870 358 3934 quae
389 3849 483 3915 nobis
514 3849 609 3914 affert
630 3850 796 3931 Laertius,
818 3850 984 3916 invenies:
1011 3850 1133 3927 λέγουσι
1152 3846 1184 3911 δὲ
1204 3849 1254 3914 καὶ
1274 3849 1328 3915 τὴν
1350 3853 1445 3927 φιλίαν

274 3952 303 4016 ἒν
313 3957 410 4032 μόνοις
420 3963 481 4025 τοῖς
491 3954 659 4025 σπουδαίοις
669 3944 745 4028 εἶναι,
758 3953 804 4015 διὰ
815 3954 870 4021 τὴν
883 3956 1042 4032 ὁμοιότητα
1054 3956 1159 4038 (Diog.
1170 3955 1277 4021 Laert·
1288 3954 1353 4019 VH.
1365 3953 1445 4034 124).

315 4059 397 4125 Cum
419 4059 537 4142 quibus
558 4059 755 4126 conserenda
766 4062 851 4140 sunt,
865 4079 950 4143 quae
962 4061 1020 4126 dat
1032 4059 1145 4126 Cicero
1156 4060 1209 4133 (de
1220 4060 1312 4128 amic.
1328 4059 1365 4126 V.
1379 4059 1445 4138 18):

278 4164 361 4244 ,Sed
391 4165 453 4229 hoe
482 4163 624 4246 primum
656 4165 780 4245 sentio,
811 4165 873 4230 nisi
904 4167 937 4230 in
969 4165 1064 4230 bonis
1087 4165 1264 4231 amicitiam
1287 4183 1447 4230 essenon

275 4269 399 4354 posse”.
433 4268 528 4348 Quod
548 4271 663 4352 postea
683 4271 802 4353 repetit
821 4268 932 4337 dicens
955 4271 1022 4354 ,lta
1038 4290 1158 4344 ,verum
1179 4271 1337 4355 luitillud,
1358 4269 1447 4356 quod

268 4375 367 4446 initio
389 4374 467 4458 dixi,
489 4374 667 4444 amicitiam
687 4375 853 4444 nisiinter
873 4377 978 4446 bonos
999 4395 1070 4445 esse
1093 4397 1160 4446 non
1180 4379 1306 4462 posset.
