3382 5056
822 523 862 588 ot

276 587 283 614 l

254 721 339 784 quae
367 704 409 769 sit
429 704 562 770 libertas
584 704 741 787 quaeris?
762 703 841 769 nulli
861 702 909 767 rei
929 702 1104 781 inservire,
1125 701 1205 767 nulli
1225 698 1428 780 necessitati,

253 807 349 872 nullis
381 807 523 873 casibus:
555 808 720 873 fortunam
752 808 785 872 in
818 827 960 890 aequum
982 807 1161 872 deducere”
1184 806 1272 885 (Sen.
1294 825 1344 886 ep.
1368 806 1428 880 51).

258 911 426 993 ,Quaeris,
448 932 533 994 quae
554 913 678 977 sitista
700 913 849 977 absoluta
870 912 1029 976 libertast
1051 931 1118 976 non
1137 911 1287 977 homines
1305 910 1430 990 timere,

253 1036 320 1081 non
352 1018 449 1084 deos:
482 1037 542 1083 nec
573 1019 681 1102 turpia
713 1019 815 1098 velle,
847 1037 908 1082 nec
928 1017 1048 1081 nimia:
1070 1017 1103 1081 in
1124 1037 1159 1081 se
1180 1016 1287 1097 ipsum
1307 1015 1430 1080 habere

254 1123 433 1187 maximam
464 1125 669 1203 potestatem.
701 1122 942 1188 Inaestimabile
969 1123 1093 1187 bonum
1124 1125 1191 1202 est,
1223 1140 1320 1186 suum
1340 1119 1431 1184 tieri'

253 1225 341 1305 (Sen.
364 1247 404 1309 ep
436 1227 496 1308 75).
530 1229 667 1309 „Magna
688 1248 764 1311 pars
785 1227 943 1292 libertatis
965 1229 1032 1306 est,
1053 1228 1138 1290 hene
1160 1229 1306 1290 moratus
1316 1228 1431 1290 venter

255 1334 287 1396 et
307 1333 522 1397 contumeliae
543 1333 691 1413 patiens”
722 1333 810 1410 (Sen.
833 1351 883 1413 ep.
905 1323 986 1408 123).
1035 1331 1266 1412 ,Contemptus
1288 1330 1430 1411 corporis

254 1437 303 1500 sui
335 1439 423 1502 certa
444 1437 575 1503 libertas
597 1438 665 1502 est”
687 1437 776 1518 (Sen.
799 1456 849 1518 ep.
870 1438 910 1501 65
931 1437 965 1501 in
986 1437 1074 1515 fine).
1109 1435 1210 1514 ,Nam
1232 1455 1349 1517 corpus
1369 1436 1432 1500 hoc

255 1539 356 1605 animi
376 1541 505 1622 pondus
526 1560 564 1607 ac
585 1561 692 1622 poena
720 1544 787 1607 est:
818 1545 987 1623 premente
1008 1541 1061 1605 illo
1081 1544 1224 1622 urgetur,
1245 1541 1278 1605 in
1296 1540 1431 1605 vinculis

256 1650 323 1726 est,
344 1646 406 1711 nisi
428 1647 561 1712 accessit
580 1647 793 1731 philosophia:
816 1650 849 1712 et
869 1647 959 1712 illum
981 1647 1141 1727 respirare
1162 1665 1271 1711 rerum
1294 1650 1432 1712 naturae

255 1753 439 1832 spectaculo
460 1752 571 1831 iussit,
594 1757 626 1818 et
648 1772 667 1817 a
688 1753 826 1818 terrenis
847 1753 968 1818 dimisit
991 1753 1033 1816 ad
1054 1753 1173 1816 divina.
1196 1752 1285 1817 Haec
1299 1751 1432 1817 libertas

257 1855 324 1921 eius
353 1859 421 1936 est,
450 1857 533 1922 haec
555 1857 723 1938 evagatio:
744 1857 896 1922 subducit
917 1857 1047 1921 interim
1068 1876 1103 1922 se
1126 1856 1291 1921 custodiae
1312 1856 1347 1920 in
1368 1875 1434 1938 qua

255 1963 404 2039 tenetur,
426 1964 459 2025 et
479 1963 568 2026 coelo
590 1962 753 2026 reficitur’'
777 1961 865 2041 (Sen.
888 1981 938 2044 ep.
959 1963 1022 2035 63).

299 2065 349 2129 Vs.
371 2065 420 2129 78.
455 2066 700 2148 „Philosophiae
721 2065 817 2146 igitur
838 2067 961 2131 servias
982 2069 1120 2147 oportet,
1142 2068 1179 2131 ut
1197 2065 1255 2130 tibi
1267 2066 1433 2147 contingat

257 2189 336 2235 vera
367 2171 508 2235 libertas.
551 2169 624 2235 non
655 2171 802 2236 differtur
832 2171 866 2235 in
898 2172 1004 2248 diem,
1035 2172 1091 2253 qui
1123 2191 1158 2235 se
1180 2173 1223 2235 illi
1244 2172 1381 2237 subiecit
1401 2173 1433 2236 et

257 2273 404 2339 tradidit.
446 2276 563 2341 Statim
596 2275 841 2356 circumagitur”
873 2275 963 2351 (Sen.
993 2295 1042 2357 ep.
1065 2276 1108 2354 8).
1141 2276 1353 2356 Philosophia
1373 2296 1433 2341 nos

258 2380 361 2460 docet,
384 2382 462 2462 quid
483 2382 523 2445 sit
544 2382 755 2462 praecipuum
767 2381 800 2445 in
818 2382 915 2446 rebus
926 2381 1102 2447 humanis?
1123 2381 1209 2459 Quid
1219 2382 1269 2462 sit,
1280 2381 1433 2463 quaeris?

261 2485 351 2563 ,Non
372 2485 527 2550 classibus
548 2486 653 2550 maria
675 2486 872 2566 complesse,
894 2505 956 2550 nec
967 2486 1001 2549 in
1013 2486 1102 2550 rubri
1112 2486 1211 2550 maris
1223 2486 1329 2551 littore
1342 2485 1434 2566 signa

261 2589 368 2653 fixisse
381 2639 388 2669 ,
410 2608 471 2654 nec
482 2589 650 2655 deficiente
662 2593 748 2654 terra
761 2590 803 2653 ad
814 2589 948 2654 iniurias
960 2590 1097 2654 aliorum
1110 2610 1235 2654 errasse
1246 2590 1280 2654 in
1291 2590 1432 2670 Ocean0,

258 2694 369 2776 ignota
391 2698 623 2776 quaerentem:
645 2695 703 2758 sed
725 2695 835 2759 animo
857 2713 954 2758 omne
974 2694 1113 2774 vidisse,
1135 2699 1167 2759 et
1187 2715 1253 2777 qua
1273 2695 1363 2761 nulla
1385 2697 1434 2760 est

257 2798 362 2863 maior
384 2799 535 2878 victoria,
554 2799 633 2864 vitia
654 2799 826 2864 domuisse.
858 2799 944 2877 Quid
966 2801 1014 2863 est
1035 2800 1273 2880 praecipuum?
1304 2801 1434 2881 Erigere

258 2903 404 2968 animum
425 2924 525 2987 supra
547 2905 651 2969 minas
663 2907 694 2969 et
710 2905 869 2986 promissa
880 2905 1039 2969 fortunae.
1062 2904 1148 2968 Nihil
1159 2903 1295 2985 dignum
1306 2909 1433 2986 putare,

258 3008 347 3090 quod
366 3028 486 3090 speres.
508 3009 593 3088 Quid
615 3010 701 3073 enim
723 3009 824 3074 habet
835 3009 978 3090 dignum,
1001 3008 1090 3090 quod
1103 3010 1334 3090 concupiscas?
1357 3011 1434 3093 quia

259 3113 443 3178 divinorum
479 3115 752 3196 contemplatione
783 3115 910 3195 quoties
934 3115 977 3177 ad
996 3115 1143 3178 humana
1164 3114 1336 3194 recideriS,
1367 3135 1434 3180 non

259 3217 351 3284 aliter
382 3218 555 3301 caligabis,
586 3238 686 3301 quam
718 3237 858 3301 quorum
890 3218 972 3284 oculi
1004 3218 1037 3282 in
1064 3219 1200 3284 densam
1222 3205 1444 3342 umbramep

259 3346 299 3390 ex
320 3325 407 3389 claro
428 3324 495 3388 sole
515 3323 652 3388 rediere.

299 3429 385 3511 Quid
416 3433 465 3494 est
495 3429 733 3511 praecipuum?
756 3429 857 3494 Posse
878 3429 963 3493 laeto
986 3427 1096 3493 animo
1118 3427 1257 3494 adversa
1277 3431 1434 3497 tolerare:

259 3535 417 3619 quidquid
439 3534 609 3614 acciderit,
631 3535 676 3598 sic
696 3534 800 3614 ferre,
823 3533 915 3616 quasi
936 3534 995 3597 tihi
1015 3533 1158 3598 volueris
1181 3535 1336 3600 accidere.
1371 3537 1434 3600 De·
1516 3533 1519 3537 ’

258 3641 384 3706 buisses
406 3639 493 3705 enim
514 3640 616 3718 velle,
638 3639 664 3703 si
685 3639 798 3704 scisses
820 3638 931 3704 omnia
952 3658 992 3702 ex
1014 3638 1144 3703 decreto
1169 3638 1312 3704 deifieri.
1332 3641 1435 3722 Flere,

260 3745 370 3828 queri,
393 3745 578 3825 ingemere,
599 3743 776 3808 desciscere
796 3747 854 3807 est

300 3848 386 3928 Quid
416 3851 465 3914 est
494 3847 732 3931 praecipuum?
765 3847 903 3912 Animus
932 3851 1046 3911 contra
1067 3847 1268 3913 calamitates
1289 3841 1381 3915 fortis
1403 3853 1435 3915 et

261 3959 454 4033 contumax,
476 3954 623 4020 luxuriae
643 3972 711 4018 non
732 3953 887 4017 adversus
908 3956 1057 4031 tantum,
1079 3953 1137 4017 sed
1159 3956 1191 4016 et
1202 3953 1353 4019 infestus:
1375 3975 1435 4020 nec

261 4061 375 4126 avidus
396 4059 550 4142 periculi,
571 4077 632 4123 nec
651 4057 769 4140 fugax,
791 4057 846 4139 qui
868 4057 948 4121 sciat
969 4057 1134 4121 fortunam
1155 4076 1222 4122 non
1237 4063 1434 4140 exspectare,

261 4166 320 4230 sed
350 4164 476 4229 facere:
508 4167 540 4228 et
572 4164 728 4227 adversus
760 4167 934 4243 utramque
961 4161 1140 4241 intrepidus
1161 4160 1435 4246 inconcussusque

261 4270 411 4354 prodire,
433 4288 494 4334 nec
513 4269 597 4333 illius
618 4269 778 4347 tumultu,
800 4287 860 4333 nec
880 4267 976 4332 huius
997 4266 1120 4348 fulgore
1141 4286 1321 4348 percussus,

302 4375 388 4455 Quid
409 4378 458 4441 est
479 4374 714 4457 praecipuum?
735 4372 809 4439 Non
831 4373 1003 4438 admittere
1025 4372 1059 4437 in
1081 4373 1227 4438 animum
1249 4375 1337 4439 mala
1358 4392 1435 4439 eon-
