3402 5056
851 556 970 624 40'

283 737 443 805 Omnibus
474 737 596 803 viribus
621 736 654 801 in
675 756 749 804 eam
769 738 1025 804 incumbendum
1048 743 1116 816 est;
1148 738 1192 803 nil
1214 738 1305 804 iuvat
1327 743 1360 806 te
1380 758 1455 804 sen-

283 846 403 910 tentias
424 847 457 909 et
477 846 652 926 praecepta
673 843 825 923 ediscere,
846 843 964 925 quibus
985 843 1182 926 sapientiam
1203 846 1357 923 ostentes
1378 864 1456 910 nam

287 949 387 1029 ,sicut
406 949 448 1027 ii,
475 947 530 1030 qui
558 967 579 1013 a
599 948 767 1014 stomacho
788 948 960 1029 laborant,
981 949 1090 1014 cibum
1110 949 1221 1014 statim
1244 949 1391 1031 eiiciunt,
1411 950 1458 1016 sic

284 1055 340 1138 qui
371 1057 546 1136 praecepta
566 1053 656 1118 nuda
676 1057 889 1136 acceperunt,
921 1073 1072 1120 sermone
1093 1054 1274 1119 effundunt.
1315 1056 1359 1119 At
1379 1073 1456 1121 con-

285 1178 387 1242 coque
408 1159 523 1242 potius,
545 1158 579 1223 in
600 1177 730 1223 succum
751 1162 851 1239 verte,
873 1161 906 1224 et
926 1159 1142 1224 mutationem
1162 1158 1197 1223 in
1215 1158 1457 1226 mentesactam

284 1265 430 1331 ostende.
471 1265 551 1329 Ecce
582 1263 693 1344 taber,
724 1264 779 1346 qui
810 1264 933 1346 peritus
964 1265 1042 1330 artis
1074 1267 1139 1344 est,
1171 1283 1238 1329 non
1266 1264 1458 1330 obambulat

286 1371 475 1437 clamitans:
506 1368 625 1433 Audite
656 1389 709 1434 me
740 1369 953 1434 disserentem
986 1369 1027 1434 de
1047 1388 1084 1434 re
1105 1369 1231 1446 fabrili3
1262 1370 1320 1435 sed
1340 1370 1457 1435 tacitus

286 1478 419 1543 domum
442 1479 474 1542 et
493 1475 666 1540 tabernam
688 1475 857 1552 conducit,
881 1475 1013 1540 instruit
1034 1478 1067 1539 et
1087 1475 1239 1557 operibus
1260 1475 1402 1540 ostendit
1421 1494 1457 1540 se

285 1581 435 1669 peritum.
477 1580 558 1644 Tale
578 1585 614 1645 tu
635 1580 704 1660 tac,
727 1580 806 1661 ede,
827 1580 904 1645 bibe
925 1584 961 1645 ut
982 1581 1092 1658 decet;
1112 1579 1357 1646 matrimonium
1379 1600 1455 1646 con-

285 1689 399 1760 trahe.
434 1686 552 1751 llberos
584 1686 698 1768 gigne,
729 1705 831 1766 remp.
864 1705 959 1767 gere,
992 1685 1171 1750 convicium
1202 1687 1378 1765 contrahe,
1408 1685 1457 1751 fer

286 1795 434 1875 patrem,
456 1791 610 1870 tratrem,
631 1789 774 1855 ricinum
794 1790 963 1873 iniquum,
986 1794 1019 1857 et
1041 1790 1119 1856 talia
1140 1790 1234 1856 nobis
1255 1791 1399 1872 ostende,
1420 1795 1458 1858 ut

286 1917 363 1963 vere
384 1899 418 1962 te
437 1895 667 1978 philosophum
688 1896 940 1976 cognoscamus’
971 1895 1083 1979 (Epict.
1105 1895 1179 1960 diss
1201 1896 1230 1974 3,
1253 1915 1278 1961 c.
1300 1897 1360 1972 tl).

326 2001 418 2080 Quae
438 2001 564 2080 eadem,
585 2019 786 2083 quamquam
812 2001 882 2065 aliis
902 2001 1020 2081 verbis,
1041 2003 1153 2066 monet
1173 1999 1374 2084 Seneca(ep.
1387 2001 1456 2078 tol:

290 2107 342 2185 ,Si
363 2107 469 2187 vales,
491 2108 524 2170 et
544 2108 577 2171 te
598 2105 731 2188 dignum
753 2109 866 2188 putaS,
889 2107 944 2189 qui
957 2106 1133 2189 aliquando
1143 2105 1203 2172 fias
1215 2109 1299 2185 tuuS,
1321 2106 1459 2188 gaudeo,

286 2213 359 2278 Mea
381 2212 466 2278 enirn
488 2211 590 2309 gloria
611 2211 691 2291 erit,
711 2211 738 2275 si
759 2214 791 2275 te
813 2211 919 2291 istinc,
940 2212 997 2276 uhi
1017 2211 1088 2277 sine
1108 2231 1166 2293 spe
1189 2211 1328 2276 exeundi
1343 2212 1458 2278 fluctu·

288 2318 370 2398 aris,
392 2321 573 2382 extraxere.
614 2317 696 2382 Illud
718 2321 847 2397 autem,
870 2317 914 2381 mi
934 2317 1048 2395 Lucili,
1070 2320 1102 2382 te
1124 2335 1202 2398 rogo
1224 2320 1322 2399 atque
1337 2317 1460 2399 hortor,

287 2425 325 2488 ut
344 2422 584 2505 philosophiam
604 2422 637 2487 in
658 2423 849 2504 praecordia
869 2423 936 2489 ima
957 2424 1123 2501 demittas,
1146 2425 1178 2487 et
1201 2422 1460 2502 experimentum

286 2529 335 2594 tui
355 2528 519 2610 protectus
540 2527 668 2610 capias,
700 2547 767 2593 non
788 2529 936 2594 oratione
956 2546 1017 2593 nec
1037 2528 1177 2609 script0,
1201 2528 1259 2592 sed
1282 2527 1381 2593 animi
1403 2529 1459 2594 fir-

287 2633 422 2710 mitate,
444 2624 476 2695 e't
498 2631 711 2713 cupiditatum
733 2632 963 2698 deminutione.
985 2633 1093 2698 Verba
1114 2632 1211 2698 rebus
1226 2633 1339 2714 proba.
1361 2634 1459 2699 Aliud

288 2737 490 2821 propositum
512 2740 561 2802 est
582 2736 838 2802 declamantibus
860 2741 892 2802 et
905 2738 1126 2802 assensionem
1137 2738 1353 2820 captantibus,
1370 2740 1458 2805 aliud

288 2843 360 2922 his,
391 2842 447 2924 qui
478 2841 632 2906 iuvenum
665 2845 697 2906 et
728 2841 906 2907 otiosorum
932 2862 1027 2908 aures
1045 2842 1266 2924 disputatione
1287 2845 1379 2910 varia
1401 2850 1458 2912 aut

287 2947 421 3014 volubili
442 2948 598 3014 detinent.
641 2946 757 3012 Facere
777 2948 862 3012 docel
882 2948 1095 3032 philosophia,
1116 2969 1180 3012 non
1202 2949 1302 3013 dicere
1311 2971 1325 3029 ;
1346 2953 1379 3014 et
1399 2952 1461 3016 hoc

289 3054 405 3136 exigit,
436 3057 473 3118 ut
503 3053 547 3119 ad
577 3054 680 3133 legem
711 3072 805 3117 suam
837 3053 975 3142 quisque
1006 3053 1115 3132 vivat,
1146 3073 1188 3119 ne
1220 3055 1360 3120 orationi
1392 3057 1461 3122 vila

289 3159 478 3239 dissentiat,
507 3160 544 3222 ut
574 3157 645 3239 ipsa
672 3157 756 3222 inter
776 3177 811 3222 se
832 3158 900 3223 vita
921 3158 1035 3238 unius,
1057 3158 1127 3223 sine
1149 3159 1314 3224 actionum
1335 3160 1460 3226 dissen-

289 3265 399 3343 sione,
431 3262 544 3327 coloris
578 3261 629 3327 sit.
670 3261 846 3326 Maximum
879 3263 941 3327 hoc
973 3266 1022 3327 est
1054 3265 1087 3327 et
1118 3263 1259 3328 officium
1280 3265 1461 3346 sapientiae

290 3372 323 3434 et
353 3367 527 3447 indicium,
558 3368 595 3430 ut
624 3366 733 3431 verbis
764 3385 865 3448 opera
896 3367 1112 3444 concordent,
1138 3370 1174 3432 ut
1196 3371 1227 3434 et
1249 3368 1318 3451 ipse
1339 3370 1460 3454 ubique
1521 3397 1529 3414 ·

289 3491 350 3556 par
370 3471 430 3536 sibi
451 3471 603 3554 idemque
625 3471 695 3536 sit'’.
719 3473 778 3536 cet.

329 3577 411 3642 Vide
432 3595 504 3660 pag.
525 3576 546 3640 4
566 3576 661 3642 huius
683 3576 759 3642 dise.
782 3578 814 3642 et
833 3576 1128 3660 Knickenbergium
1149 3578 1190 3644 de
1211 3597 1364 3661 perversa
1387 3580 1461 3662 phi·

289 3682 483 3765 losophandi
503 3682 630 3748 ratione
651 3681 875 3752 disserentem.
892 3683 941 3761 ³³)

782 3889 975 3900 w

329 4023 483 4091 Versibus
505 4024 604 4091 1-14
623 4027 722 4107 poeta
742 4023 888 4108 depingit
908 4026 1042 4092 stultum
1063 4026 1260 4110 quemdam,
1285 4025 1336 4092 cui
1350 4030 1462 4095 tamen

337 4151 359 4197 n
380 4135 429 4196 est

291 4148 335 4198 no
567 4212 789 4294 ,inexpertum
810 4230 925 4277 curvos
947 4211 1150 4294 deprendere
1171 4231 1279 4278 mores

373 4341 375 4346 ’
452 4316 608 4416 Quaeque
630 4319 723 4384 docet
743 4318 874 4399 sapiens
894 4317 1054 4385 braccatis
1074 4316 1151 4423 illita
1174 4317 1277 4384 Medis

450 4422 628 4493 Porticus’'.
649 4431 708 4498 (vs
729 4424 770 4490 52
791 4424 824 4492 b.
846 4427 886 4503 s.)

983 4606 1085 4639 &A

920 4642 982 4671 ἶΑ“““
