3382 5056
851 537 891 603 63

282 712 476 780 dicitursed
497 713 596 780 ctiam
618 715 651 780 in
673 736 731 797 eo,
754 715 804 783 cui
824 715 997 794 invidetur.
1028 715 1243 781 invidentiam
1261 733 1331 781 esse
1342 714 1454 780 dicunt

281 819 407 899 (Stoici)
428 819 683 902 aegritudinem,
704 823 889 903 susceptam
909 823 1044 903 propter
1064 821 1196 886 alterius
1216 839 1268 886 res
1282 820 1453 902 secundas,

281 944 366 1006 quac
386 925 467 990 nihil
486 929 627 991 noceant
646 926 813 992 invidenti.

321 1030 456 1096 Jahnius
486 1046 536 1096 vs:
564 1032 603 1096 73
634 1032 680 1096 sic
710 1032 942 1114 interpretatus
974 1034 1041 1096 est:
1073 1030 1203 1111 „Disce,
1224 1050 1285 1096 nec
1305 1031 1452 1098 invideas

281 1133 416 1213 discere,
438 1136 457 1200 i.
471 1154 498 1200 e.
520 1137 586 1200 noli
607 1136 751 1202 discendi
772 1137 918 1203 laborem
939 1136 1070 1218 fugere,
1092 1136 1169 1219 quia
1189 1136 1315 1218 agendo
1337 1155 1452 1203 causas

280 1239 449 1322 acquirere
480 1241 603 1320 possm,
634 1241 722 1307 uude
742 1241 863 1307 vivas’'.
904 1242 1014 1322 Longe
1035 1241 1129 1307 aliter
1149 1241 1382 1322 interpretatur
1402 1242 1452 1309 vir
1496 1254 1498 1259 ·

280 1343 483 1409 doctissimus
507 1364 573 1410 van
596 1345 835 1428 Wageningen:
872 1346 971 1423 ,Laat
1003 1364 1026 1409 u
1053 1347 1163 1410 leeren
1194 1363 1236 1409 en
1267 1345 1395 1411 onttrek
1416 1365 1451 1412 er

279 1469 302 1513 u
332 1449 401 1513 niet
431 1468 514 1529 aan,
544 1449 658 1516 omdat
688 1469 724 1516 er
753 1450 848 1516 reeds
876 1469 936 1515 een
957 1449 1056 1514 muffe
1076 1449 1157 1515 reuk
1177 1449 1204 1514 is
1225 1450 1258 1515 in
1279 1468 1352 1516 uwe
1371 1451 1450 1534 rijke

278 1556 532 1638 provisiehamer
552 1575 617 1621 van
639 1555 680 1620 de
701 1556 772 1620 vele
794 1555 1058 1638 inmaahpotten‚
1080 1555 1133 1621 die
1154 1575 1213 1619 enz
1217 1603 1304 1636 .....
1326 1555 1362 1621 oi
1379 1575 1451 1622 om·

279 1660 337 1725 dat
367 1661 408 1725 de
438 1663 529 1743 sprot
558 1680 624 1726 van
655 1660 696 1725 de
727 1663 830 1726 eerste
861 1661 1042 1742 bezending
1072 1660 1149 1726 uelis
1176 1679 1241 1742 nog
1261 1660 1329 1728 niet
1350 1681 1450 1745 opge·

277 1764 387 1830 bruikt
408 1757 465 1831 is”.

317 1872 423 1955 Fingit
454 1892 484 1938 v.
505 1873 557 1939 W.
579 1873 731 1938 iuvenem
750 1874 901 1938 nostrum
923 1873 1059 1938 stultum
1080 1890 1252 1938 causarum
1273 1874 1449 1954 patronum

278 1996 367 2058 esse,
389 1979 445 2061 qui
466 1997 487 2043 a
507 1978 676 2043 clientibus
698 1980 731 2042 et
752 1980 784 2042 ct
805 1977 868 2043 reis
890 1977 1031 2043 defensis
1053 1978 1158 2043 multa
1179 1977 1295 2061 accipit
1317 1978 1448 2060 cibaria,

277 2085 309 2146 et
328 2084 461 2164 poetam
482 2083 573 2148 illum
595 2102 737 2163 monere,
758 2102 801 2148 ne
824 2083 965 2164 negligat
985 2082 1240 2165 philosophiam,
1262 2083 1351 2165 quod
1368 2083 1447 2150 satis

276 2206 438 2270 superque
458 2188 599 2265 habeat,
620 2187 707 2252 unde
729 2187 828 2252 vivat.
861 2188 985 2253 Eadem
1003 2187 1071 2253 fere
1088 2187 1241 2253 tractavit
1258 2189 1389 2255 Persius
1400 2209 1446 2256 vs.

276 2293 374 2373 75776.
406 2292 488 2356 Vide
509 2311 584 2375 pag.-
602 2293 642 2357 43
662 2293 694 2357 h.
707 2292 757 2358 d:
794 2293 863 2371 ‚Tu
883 2311 980 2373 vero,
1003 2292 1071 2357 sive
1094 2292 1216 2374 aliquid
1237 2292 1359 2374 habes,
1380 2293 1446 2359 iam

275 2397 524 2481 philosophare:
552 2397 640 2463 unde
671 2397 758 2462 enim
790 2398 871 2476 scis,
904 2417 947 2462 an
978 2397 1045 2462 iam
1076 2397 1172 2462 nimis
1202 2398 1346 2477 habeas3
1368 2399 1446 2464 cet”.

274 2502 385 2567 Malim
406 2505 518 2568 tamen
538 2504 600 2568 hac
621 2504 655 2568 in
676 2523 712 2568 re
728 2503 877 2568 assentiri
889 2502 1193 2584 interpretatoribus
1204 2504 1445 2587 vetustioribus

274 2607 330 2689 qui
351 2608 551 2690 coniungunt
575 2607 759 2686 „invideas”
782 2627 855 2672 cum
880 2608 1013 2691 „quod”.

313 2713 366 2777 Vs.
397 2713 436 2778 77
466 2734 536 2797 sqq.
578 2713 704 2778 lnducit
735 2716 832 2794 poeta
862 2732 965 2793 genus
995 2712 1074 2777 illud
1095 2713 1283 2793 hominum,
1305 2733 1445 2796 quorum

272 2818 380 2882 studia
400 2819 497 2900 plane
519 2818 669 2901 opposita
689 2821 764 2884 sunt
787 2818 844 2898 iis,
866 2817 984 2900 quibus
1004 2819 1122 2883 ardent
1141 2818 1333 2901 philosophi.
1364 2821 1444 2887 Dico

272 2941 374 3004 genus
405 2923 564 3002 militum,
596 2923 652 3006 qui
682 2923 828 3005 plerique
860 2923 894 2987 in
918 2942 999 3004 pace
1020 2922 1099 2986 nihil
1120 2926 1273 3003 agentes,
1294 2926 1444 2991 nonnisi

272 3029 493 3110 voluptatibus
524 3027 644 3109 dediti,
675 3027 710 3093 in
740 3029 826 3092 bello
848 3027 969 3106 gloriae
988 3027 1087 3092 solius
1112 3027 1241 3110 cupidi,
1262 3029 1444 3095 nescientes

271 3153 332 3200 nec
362 3139 512 3200 curantes
543 3133 676 3216 quando
707 3133 932 3215 „Persephone
954 3133 1080 3214 nigram
1101 3133 1276 3198 denunciet
1298 3133 1443 3216 horam”‚

233 3259 236 3263 ·
270 3237 489 3322 philosophiS‚
514 3238 587 3321 „qui
607 3237 718 3304 omnia
738 3237 866 3318 studia,
889 3256 1020 3303 omnem
1040 3256 1184 3320 operam,
1196 3257 1318 3319 curam,
1329 3238 1443 3305 indus·

269 3343 386 3425 triam,
418 3344 646 3424 cogitationem
676 3344 800 3425 figunt’'
822 3379 858 3389 -
880 3345 917 3408 ut
938 3345 1013 3408 utar
1034 3340 1198 3408 Ciceronis
1219 3343 1326 3409 verbis
1349 3379 1385 3390 -
1407 3345 1442 3409 in

269 3449 493 3528 cognoscenda
523 3449 680 3530 veritate,
709 3467 839 3529 semper
859 3447 980 3530 ubique
1002 3447 1141 3512 ludibrio
1160 3447 1293 3513 habent
1325 3449 1441 3516 Libere

269 3553 460 3619 cavillentur
479 3555 598 3620 hircosi
618 3554 662 3618 illi
683 3553 888 3619 centuriones
908 3555 1041 3635 poetam
1062 3555 1252 3618 monentem
1273 3573 1312 3619 ac
1327 3573 1441 3622 omnes

267 3658 496 3742 philosophos,
518 3659 574 3741 qui
595 3659 721 3723 eximo
741 3660 872 3740 pectore
893 3657 964 3722 illos
982 3659 1195 3723 contemnunt
1206 3659 1239 3722 ct
1250 3658 1439 3741 despiciunt.

268 3763 353 3841 Quid
384 3768 499 3829 curant
529 3765 573 3829 illi
601 3765 678 3842 viri,
699 3763 809 3846 quiin
831 3764 928 3828 rebus
944 3762 1022 3827 altis
1044 3766 1076 3828 et
1096 3762 1288 3828 sublimibus
1308 3765 1440 3847 perqui-

267 3869 377 3934 rendis
411 3871 598 3953 ‚supercilia
627 3870 831 3948 subducunt,
863 3871 895 3932 et
917 3868 1022 3933 barba
1042 3867 1236 3948 demittunt,
1257 3867 1312 3949 qui
1331 3868 1439 3934 tristes

267 3975 385 4039 docent
418 3978 450 4039 et
479 3975 611 4056 pallidi”
632 4010 672 4020 -
692 3978 729 4039 ut
756 3975 882 4040 Seneca
903 3973 949 4039 ait
968 3978 1030 4054 (ep.
1051 3973 1104 4051 48)
1124 4008 1165 4018 -
1185 3972 1385 4039 hirsutorum
1407 3978 1440 4040 et

266 4078 488 4144 varicosorum
518 4078 744 4144 centurionum
777 4077 921 4144 convicia
952 4096 990 4143 ac
1019 4076 1265 4143 cavillationes?
1301 4078 1439 4161 Sapiant

266 4182 440 4247 miserrimi
460 4183 521 4262 isti,
545 4177 633 4266 quod
653 4184 692 4249 iis
712 4183 790 4249 satis
811 4183 862 4248 sit.
893 4181 1030 4248 Solones
1051 4200 1089 4247 ac
1107 4181 1254 4248 Zenones
1265 4186 1297 4248 et
1306 4183 1388 4250 tales
1399 4183 1437 4249 iis

266 4306 332 4353 non
354 4288 550 4367 obstabunt;
571 4288 630 4353 sed
652 4308 763 4355 annon
782 4306 941 4371 umquam
961 4286 1080 4353 milites
1100 4286 1153 4351 isti
1163 4287 1327 4369 sapientes
1338 4288 1438 4354 futuri

265 4394 338 4474 sint,
357 4395 570 4460 vehementer
580 4393 797 4461 dubitandum
809 4377 874 4460 ests
887 4392 1078 4460 Exclamant
1087 4410 1161 4457 curn
1172 4394 1283 4458 vetere
1293 4392 1437 4475 quodam
