3382 5056
855 543 890 606 61

306 723 420 788 Cicero
451 723 492 788 de
523 724 580 786 fin.
611 721 663 786 lll.
684 722 713 786 7.
735 722 793 786 al:
824 721 868 786 Ut
891 721 978 787 enim
999 721 1148 787 histrioni
1171 721 1275 804 actio,
1298 720 1448 787 saltatori

268 829 377 890 motus
397 846 463 892 non
485 827 611 910 quiviS,
635 825 693 890 sed
715 828 821 891 certus
844 825 979 909 quidam
993 829 1042 892 est
1052 826 1157 908 datae,
1178 825 1225 891 sic
1235 827 1303 893 vita
1315 827 1447 909 agenda

270 932 318 996 est
341 934 428 995 certo
450 951 569 1013 genere
590 930 755 1012 quodam,
777 949 845 996 non
866 931 1022 1014 quolibet.

309 1035 419 1101 Monet
439 1039 558 1117 poeta,
580 1038 701 1101 sortem
722 1038 889 1117 nostram,
911 1055 977 1118 qua
998 1035 1137 1102 fruimur
1156 1035 1190 1100 in
1208 1035 1358 1116 hacvita,
1373 1035 1444 1101 sive

270 1141 422 1206 miseram
455 1141 522 1205 sive
553 1140 695 1220 laetam,
727 1139 794 1205 iam
827 1143 903 1205 ante
924 1141 1134 1206 constitutam
1156 1159 1226 1205 esse
1247 1160 1268 1206 a
1288 1140 1356 1206 fato
1379 1139 1448 1204 sive

268 1246 339 1311 deor
362 1245 423 1310 Hic
443 1245 612 1327 perveniet
634 1245 677 1310 ad
696 1264 842 1310 summos
862 1245 1022 1326 honores,
1044 1245 1098 1310 ille
1113 1244 1245 1310 vivetin
1257 1244 1443 1310 conditione

269 1349 466 1431 humillima,
489 1348 541 1414 hio
561 1349 734 1414 vexabitur
755 1349 907 1415 omnibus
928 1349 1076 1431 miseriis,
1097 1349 1150 1414 ille
1171 1349 1322 1414 nonnisi
1344 1350 1442 1415 rebus

270 1454 419 1519 secundis
447 1458 565 1521 utetur.
600 1456 702 1520 Laeto
723 1455 834 1521 animo
856 1456 968 1521 officiis
990 1457 1191 1538 fungendum
1213 1459 1315 1521 estet
1337 1456 1411 1537 perf
1429 1489 1443 1503 -

270 1559 408 1624 rendum
430 1559 648 1643 quidcumque
668 1560 791 1626 laboris
812 1563 861 1626 est
883 1561 1081 1642 impositum.
1104 1561 1251 1627 Conferri
1261 1563 1369 1642 potest
1379 1561 1442 1642 hic,

270 1665 305 1729 in
326 1684 391 1748 quo
412 1665 552 1730 vivimus
572 1665 716 1747 mundo,
739 1685 812 1730 cum
832 1667 972 1731 theatro.
1004 1666 1104 1732 Suam
1128 1666 1265 1749 quisque
1286 1666 1352 1748 agit
1369 1685 1446 1749 per·

270 1789 396 1836 sonam.
427 1770 522 1835 Velut
541 1769 676 1835 militem
699 1770 779 1836 deus
799 1770 964 1837 hominem
988 1771 1022 1836 in
1043 1771 1183 1837 statione
1205 1771 1382 1836 collocavit.

311 1877 433 1941 Notum
445 1877 494 1940 est
508 1895 681 1957 germanos
693 1878 725 1941 et
736 1877 893 1957 genuinos
904 1876 989 1942 inter
1000 1880 1127 1942 veteres
1139 1875 1265 1941 Stoicos
1276 1876 1444 1943 decretum

271 1981 435 2063 posuisse:
456 1980 633 2065 Sapientem
653 2001 774 2048 sumere
795 1982 966 2067 aliquando
986 1989 1116 2047 mortem
1134 2001 1232 2066 posco,
1253 1981 1365 2060 decere,
1392 1981 1446 2047 dc·
1524 2053 1526 2058 ,

272 2085 359 2165 bem
390 2087 428 2152 cf.
450 2087 540 2169 Diog.
562 2087 669 2153 Laert.
692 2087 757 2152 Vll.
781 2089 838 2152 130
851 2091 908 2164 ⁴⁰).
941 2087 1042 2153 Iidem
1063 2108 1161 2168 vero,
1184 2087 1378 2170 praesertim
1391 2087 1447 2171 qui

273 2194 349 2256 sunt
369 2191 537 2258 inferiores
559 2194 684 2272 aetate,
708 2192 827 2258 docent
847 2211 914 2257 non
934 2192 1058 2258 lieltum
1079 2213 1150 2258 esse
1160 2199 1270 2258 temere
1281 2192 1447 2258 discedere

274 2297 502 2379 expertibus,
524 2317 609 2380 quae
631 2297 746 2380 cuique
767 2297 801 2362 in
822 2298 891 2362 rita
911 2298 1058 2363 humana
1079 2298 1221 2362 tributae
1237 2298 1312 2363 sint.
1336 2295 1446 2378 „opti-

273 2420 365 2466 mum
387 2403 436 2466 est
456 2402 545 2483 pati,
566 2403 655 2485 quod
676 2402 853 2468 emendare
873 2421 940 2468 non
961 2402 1086 2484 possis:
1109 2405 1142 2468 et
1162 2402 1270 2482 deum,
1291 2420 1356 2485 quo
1368 2420 1446 2467 auc·

273 2508 345 2572 tore
366 2511 482 2573 cuncta
502 2507 708 2590 proveniunt,
729 2509 799 2573 sine
819 2508 1079 2573 murmuratione
1101 2507 1249 2574 comitari
1263 2509 1321 2588 ⁴⁷).
1342 2507 1446 2573 Malus

273 2611 365 2677 miles
397 2615 464 2691 est,
496 2613 551 2695 qui
582 2613 814 2696 imperatorem
846 2633 979 2696 gemens
1001 2613 1154 2697 sequitur.
1186 2612 1296 2693 Quare
1317 2613 1446 2697 impigri

274 2718 372 2798 atque
394 2717 516 2783 alacres
538 2719 736 2800 excipiamus
757 2719 915 2800 imperia,
936 2738 997 2784 nec
1019 2718 1208 2783 deseramus
1229 2718 1316 2783 hunc
1338 2721 1446 2802 operis

272 2822 480 2904 pulcherrimi
501 2843 650 2905 cursum,
684 2824 754 2904 cui,
774 2825 933 2908 quidquid
955 2824 1120 2906 patimur,
1141 2824 1301 2890 intextum
1323 2829 1392 2906 est,
1414 2829 1447 2892 et

272 2927 318 2992 sic
338 2928 543 3011 alloquamur
563 2929 693 3010 lovem,
725 2929 815 2994 cuius
836 2930 1056 3011 gubernacula
1076 2929 1178 2994 moles
1199 2929 1262 2995 ista
1284 2929 1446 3011 dirigitur,

274 3033 552 3115 quemadmodum
565 3033 739 3100 Cleanthes
746 3037 857 3101 noster
864 3035 1011 3101 versibus
1020 3034 1255 3100 dissertissimis
1264 3035 1446 3118 alloquitur:

475 3197 569 3273 Ἀγοῦ
588 3193 621 3257 δὲ
641 3197 676 3273 μ’
699 3184 721 3255 ὧ
742 3199 808 3270 Ζεῦ,
831 3197 880 3262 καὶ
901 3197 938 3258 σὺ
959 3199 992 3273 γ’
1013 3201 1031 3266 ἡ
1052 3198 1240 3277 Πετρωμένη

479 3302 571 3363 ’Ότοι
591 3301 666 3363 oros*
687 3302 754 3378 ὑμῖν
775 3303 831 3379 εἶμι
851 3302 1098 3380 διατεταγμένος.

479 3405 536 3476 Ὠς
556 3403 659 3487 ἕψομαι
678 3407 713 3483 γ’
733 3407 846 3478 ἄοκνος.
870 3404 903 3478 ἣν
923 3404 956 3468 δὲ
976 3406 1019 3485 μὴ
1040 3408 1144 3485 atto,

474 3507 576 3581 Καιιὸς
596 3513 756 3589 γενόμενος
777 3508 856 3573 οὐδὲν
876 3504 969 3578 ἧττον
990 3511 1122 3594 ἕψομαι”.

313 3665 403 3746 (Sen.
426 3686 476 3749 ep.
499 3666 556 3730 107
577 3665 611 3730 in
632 3667 715 3746 fine;
736 3667 837 3749 Epiot.
860 3668 951 3732 ench.
974 3687 1043 3748 cap.
1065 3669 1125 3742 77).

314 3770 438 3848 Quibus
459 3770 668 3836 addendum:
692 3773 867 3848 ’Ἄνθρωποι
887 3770 1054 3853 ἓνδέξασθε
1077 3771 1128 3833 τὸν
1154 3768 1237 3844 Θεὸν,
1260 3771 1332 3834 ὅταν
1343 3771 1447 3845 ἐκεῖνος

274 3877 391 3962 σημήνῃ
422 3876 471 3940 καὶ
501 3875 640 3962 ἀπολύσῃ
668 3870 752 3954 ὑμᾶς
784 3877 897 3950 ταύτης
917 3885 973 3947 τῆς
993 3878 1164 3954 ὑπηρεσίας,
1185 3879 1251 3938 τοτ’
1272 3877 1447 3942 &rollionis

275 3979 349 4057 πρὸς
379 3979 480 4050 αὐτόν,
511 3980 584 4041 'nat
615 3978 648 4042 δὲ
681 3988 734 4041 τοῦ
765 3984 913 4059 παρόντος
944 3981 1121 4063 ἀνάσχεσθε
1142 3980 1314 4054 ἐνοικοῦντες
1334 3984 1447 4057 ταύτην

275 4084 330 4152 τἠν
360 4086 472 4166 χώραν,
505 4085 544 4156 εἲς
573 4087 607 4154 ἣν
641 4083 744 4158 ἐκεῖνος
764 4087 842 4164 ὑμᾶς
862 4066 976 4167 ἔταξεν.
1001 4086 1103 4162 ὀλίγος
1123 4088 1180 4164 ἄρα
1201 4090 1307 4169 χρόνος
1328 4080 1446 4160 οὖτοςὸ

275 4187 331 4259 τὴς
361 4189 509 4265 οἰκήσεως,
543 4187 591 4253 καὶ
620 4191 720 4272 ῥᾴδιος
751 4201 812 4262 τοῖς
840 4189 915 4252 οὕτω
936 4193 1133 4270 διακειμένοις.
1156 4195 1280 4276 (Epiet.;
1301 4196 1339 4259 cf.
1361 4195 1447 4278 LipS.

276 4295 411 4361 manud.
430 4295 451 4361 1.
471 4295 522 4360 ΙΙΙ.
543 4294 618 4361 diss.
641 4297 680 4360 77
701 4299 734 4362 et
752 4298 815 4380 73).

317 4399 372 4468 Vs.
401 4400 530 4468 73-76.
571 4401 793 4490 Philosophum
814 4403 911 4486 igitur
931 4405 963 4472 et
984 4423 1120 4490 sperne,
1148 4425 1233 4488 quae
1253 4408 1350 4490 vulgo
1369 4427 1446 4494 pro·
