3402 5056
847 556 881 620 11

282 755 302 802 a
332 734 480 816 'sapiente
514 729 676 801 remotum
708 754 798 816 esse,
823 736 974 800 hocloco
995 733 1364 818 paucis'dispiciendum
1386 752 1457 799 esse

282 841 428 920 videtur,
460 841 538 923 quid
569 840 667 906 Stoici
698 840 732 905 in
763 855 882 922 genere
896 843 898 852 '
913 839 954 904 de
977 839 1145 905 affectibus
1166 842 1313 906 statuant
1328 839 1386 922 14).
1410 831 1454 905 ¹Si

280 965 395 1011 verum
417 949 474 1025 est,
495 947 584 1028 quod
603 943 815 1011 vehementer
826 941 1027 1011 contendunt
1039 957 1153 1010 omnes
1164 947 1298 1012 omnino
1310 945 1453 1027 affectus,

281 1071 421 1133 quorum
450 1050 591 1132 impulsu
625 1051 724 1116 animi
747 1053 1032 1131 commoveantur,
1054 1044 1174 1135 pravos
1195 1070 1285 1132 esse,
1308 1069 1350 1116 ne
1370 1054 1454 1116 tem-

280 1156 385 1238 perati
417 1155 549 1238 quidem
582 1155 715 1221 affectus
747 1156 825 1221 boni
846 1175 916 1222 esse
939 1159 1084 1237 possunt.
1115 1157 1188 1221 Non
1210 1156 1333 1238 proprii
1355 1156 1455 1222 animi

281 1260 417 1326 humani
437 1261 620 1325 sunt-ita
640 1260 805 1326 voiunt—
824 1261 882 1325 sed
904 1259 1149 1343 quodammodo
1171 1260 1276 1326 morbi
1291 1259 1455 1326 habentur

282 1364 537 1448 (quodammodo
559 1366 629 1446 aiu,
652 1366 740 1448 quod
761 1366 895 1430 affectus
917 1384 984 1430 non
1005 1385 1040 1430 re
1061 1384 1140 1430 vera
1156 1365 1363 1445 suntmorbi,
1379 1385 1457 1431 nam

281 1471 407 1538 Seneca
438 1477 571 1539 auctore
601 1476 677 1539 sunt
698 1475 806 1538 motus
826 1471 1078 1566 improbabileS,
1108 1473 1207 1538 subiti
1229 1477 1264 1539 et
1285 1473 1456 1552 concitati;

282 1575 338 1658 qui
369 1576 555 1659 frequentes
585 1578 787 1660 neglectique
818 1577 923 1642 fecere
955 1577 1131 1657 morbum),
1153 1578 1241 1660 quod
1265 1578 1313 1644 ita
1332 1577 1458 1643 intelle·
1561 1625 1562 1628 η
1603 1621 1608 1627 ·

281 1680 423 1762 gendum
458 1685 526 1748 est:
561 1682 695 1748 affectus
727 1702 793 1747 non
817 1702 887 1747 esse
909 1686 1089 1761 enatura,
1110 1677 1316 1763 sedmotus',
1338 1683 1456 1764 quibus

281 1785 415 1852 affectus
446 1791 644 1868 nascantur,
671 1807 740 1853 esse
763 1808 783 1853 a
806 1788 981 1870 phantasia
1001 1787 1048 1853 rei
1069 1786 1177 1853 bonae
1197 1788 1250 1852 vel
1270 1787 1377 1853 malae
1399 1789 1457 1853 ob·

282 1891 395 1957 iactae.
427 1893 475 1956 Ex
505 1896 617 1959 nostro
649 1893 783 1959 arbitrio
813 1891 924 1958 tamen
946 1894 1086 1975 pendet,
1108 1896 1218 1958 utrum
1238 1896 1347 1957 motus
1368 1894 1460 1975 sequi

283 1996 420 2062 velimus
453 2017 556 2062 necne
573 1999 629 2075 15).
664 1998 698 2063 Si
719 2017 914 2081 sequemur,
936 1998 1022 2062 ratio
1043 1997 1109 2063 iam
1130 1997 1292 2079 impotens
1313 1998 1362 2062 sui
1383 1998 1461 2078 fiet,

282 2102 394 2181 cedet,
426 2101 543 2168 deinde
576 2123 674 2186 aegra
703 2104 761 2168 fiet
800 2108 832 2168 et
864 2087 1030 2186 postremo
1050 2102 1122 2185 ipsa
1142 2102 1177 2168 in
1198 2099 1350 2168 affectum
1372 2122 1460 2168 com-

285 2207 465 2272 mutabitur
481 2208 527 2282 16)
560 2208 613 2290 (ct.
645 2208 720 2273 Sen.
743 2209 783 2273 de
804 2209 853 2274 ira
873 2208 910 2288 li,
927 2208 968 2272 4:
996 2210 1052 2286 ,ut
1068 2208 1160 2288 seiae,
1182 2208 1460 2290 quemadmodum

285 2311 443 2393 incipiant
463 2313 617 2379 affectus”
640 2317 722 2390 cet).

325 2417 403 2482 Ideo
424 2417 522 2485 Stoici
533 2419 725 2501 paradoxon
735 2419 870 2501 professi
885 2421 980 2484 sunt:
1003 2418 1114 2484 omnia
1124 2418 1307 2501 vitiaparia
1318 2438 1388 2485 esse
1404 2419 1460 2495 17),

284 2523 374 2590 Sicut
402 2523 505 2588 virtus
527 2527 576 2589 est
596 2524 724 2589 animus
745 2544 844 2588 sanus
866 2527 899 2589 et
920 2527 1183 2605 consummatus,
1204 2523 1252 2589 ita
1272 2524 1387 2590 vitium
1408 2529 1458 2590 est

293 2630 427 2694 morbus
459 2628 569 2693 animi.
612 2630 787 2694 Peccatum
819 2649 886 2694 non
917 2629 1101 2694 continetur
1130 2628 1274 2694 facinore
1295 2629 1460 2711 quodam,

283 2840 401 2918 refert,
432 2839 511 2922 quid
542 2841 666 2922 peccati
699 2841 862 2905 admittas.
884 2840 936 2905 Ut·
950 2860 1064 2906 omnes
1087 2839 1223 2904 virtutes
1244 2859 1341 2923 pares
1361 2843 1457 2921 sunt,

286 2945 331 3010 ita
352 2944 463 3010 omnia
484 2948 618 3026 peccata
640 2945 790 3027 aequalia
811 2947 896 3010 sunt.

325 3049 486 3128 Quoniam
507 3050 637 3130 sapiens
659 3053 794 3115 externa
814 3050 893 3114 nulli
916 3069 1012 3114 curae
1032 3049 1149 3130 habet,
1171 3048 1252 3114 nihil
1276 3049 1305 3113 ei
1326 3050 1457 3132 praeter
1507 3060 1509 3070 '

284 3153 472 3237 opinionem
494 3155 642 3232 eveniet;
664 3155 744 3219 nihil
765 3175 841 3220 eum
862 3155 1079 3220 frustrabitur.
1111 3154 1249 3235 Sapiens
1269 3154 1458 3220 solusdives

285 3263 353 3338 est3
383 3280 462 3326 nam
482 3260 509 3324 is
530 3261 617 3325 solus
642 3261 733 3326 novit
753 3260 851 3325 rebus
872 3260 957 3325 hene
978 3260 1045 3340 uti,
1066 3263 1238 3341 praeterea
1258 3261 1354 3326 nullis
1374 3261 1460 3327 indi·

283 3368 346 3445 get.
379 3364 409 3429 Is
438 3366 526 3430 solus
547 3365 628 3430 liber
650 3369 699 3430 est
721 3369 753 3430 et
773 3385 850 3446 rex,
879 3384 959 3430 nam
980 3365 1038 3430 scit
1059 3365 1121 3429 sihi
1143 3367 1176 3429 et
1197 3365 1267 3430 aliis
1287 3365 1459 3449 imperare.

282 3469 421 3551 Sapiens
452 3489 513 3552 par
546 3474 595 3535 est
627 3471 709 3550 deo,
741 3471 820 3553 quin
854 3470 952 3535 etiam
985 3471 1083 3534 deum
1114 3473 1268 3552 superat;
1300 3489 1378 3536 narn
1405 3471 1459 3537 hic

282 3576 389 3640 honus
420 3577 470 3639 est
501 3593 522 3640 a
552 3578 693 3654 natura,
729 3575 781 3640 ille
803 3574 845 3640 ab
867 3574 1028 3640 industria
1046 3574 1152 3640 bonus
1177 3577 1226 3640 est
1246 3575 1349 3640 iactus
1369 3577 1458 3655 (San.

285 3700 335 3764 ep.
356 3681 420 3761 53).

325 3786 416 3852 Haec
436 3784 503 3850 fere
526 3804 656 3851 summa
677 3789 726 3851 est
751 3786 877 3851 ethicae
898 3785 1090 3852 Stoicorum.
1122 3784 1358 3866 Quodcumque
1370 3786 1410 3851 de
1422 3807 1462 3855 aa

285 3889 439 3957 iudicium
471 3889 555 3954 ferre
590 3891 766 3972 placuerit,
797 3890 884 3955 hanc
916 3891 946 3956 ei
966 3890 1097 3956 laudem
1118 3889 1262 3954 tribuere
1286 3890 1464 3974 debemus,

285 3995 374 4076 quod
405 3995 494 4060 omni
529 4013 569 4060 ex
595 3999 690 4077 parte
711 3995 771 4060 sihi
795 3997 923 4061 constat
944 3999 976 4060 et
997 4014 1100 4077 usque
1122 3994 1267 4076 sequitur
1286 3998 1461 4079 utrumque

286 4098 461 4182 decretum,
483 4120 548 4184 quo
569 4102 682 4167 nititur
701 4104 809 4166 totum
831 4100 1159 4184 systema:virtutem
1171 4119 1240 4164 esse
1251 4119 1353 4165 unum
1365 4105 1463 4184 atque

285 4224 449 4272 summum
469 4207 603 4286 honum,
626 4207 669 4272 ad
690 4206 779 4288 quod
799 4208 899 4271 homo
920 4206 1044 4283 tendat,
1070 4208 1102 4269 et
1122 4224 1288 4286 nusquam
1303 4225 1462 4288 apparere

286 4333 304 4378 e
325 4313 422 4378 rebus
443 4311 580 4378 honeste
604 4311 704 4392 actia,
736 4311 893 4376 contineri
915 4314 1026 4376 autem
1047 4310 1163 4375 habitu
1183 4311 1301 4376 mentis
1321 4312 1463 4393 optimae

286 4416 465 4502 sapientiae
489 4417 670 4501 praeceptis
690 4417 846 4484 imbutae.
882 4416 975 4482 Adeo
997 4416 1058 4482 sibi
1079 4416 1220 4497 constat,
1241 4419 1278 4482 ut
1291 4417 1461 4482 hominum

1379 4530 1395 4584 t
