3402 5056
1423 602 1454 654 111

277 785 363 848 quae
393 766 565 850 scriptores
596 767 789 835 vetustiores
821 787 861 834 ac
892 767 1088 835 recentiores
1121 767 1161 834 de
1182 770 1300 851 poetae
1320 770 1389 834 vita
1409 788 1448 836 ac

280 873 406 956 patria,
428 892 514 955 quae
536 873 576 938 de
597 874 797 957 propinquis·
812 873 957 940 tradunt.

320 981 494 1056 Attamen,
526 978 717 1061 priusquam
748 978 838 1062 quod
868 979 948 1044 mihi
978 970 1133 1060 proposui
1160 998 1243 1061 opus
1265 980 1451 1062 aggredior,

278 1083 421 1150 breviter
442 1084 483 1147 de
504 1083 704 1164 philosophis
726 1087 758 1150 et
772 1083 981 1167 philosophia
1003 1084 1188 1166 disputabo,
1211 1088 1249 1149 ut
1270 1084 1452 1150 deindera·

278 1188 401 1254 tionem
426 1189 562 1254 stoicam
582 1190 679 1269 paulo
701 1187 802 1254 fusius
823 1193 973 1268 tractem,
992 1189 1082 1254 cuius
1094 1190 1192 1271 plane
1203 1189 1335 1271 ignarus
1356 1209 1452 1256 nemo

278 1313 436 1375 umquam
456 1293 677 1376 Lycophronis
699 1294 790 1359 latini
813 1294 932 1359 satiras
956 1296 1167 1376 percepturus
1188 1294 1239 1358 sit.

317 1398 438 1464 Studiis
475 1399 715 1479 grammaticiS,
756 1399 989 1483 rhetoricisque
1028 1399 1189 1481 peractis,
1230 1399 1452 1467 adolescentes

277 1504 407 1569 romani
427 1507 504 1585 toga
524 1506 694 1584 praetexta
716 1504 864 1586 deposita
885 1506 918 1569 et
938 1503 1021 1569 virili
1036 1507 1178 1584 sumpta,
1199 1503 1233 1568 in
1251 1503 1453 1586 philophiam

278 1609 466 1675 incumbere
496 1610 667 1687 solebant3
699 1610 886 1676 sentiebant
911 1610 998 1674 enim
1018 1610 1071 1676 vel
1092 1609 1173 1691 ipsi,
1204 1611 1257 1675 vel
1277 1612 1450 1692 parentes,

278 1714 439 1793 omnibus,
461 1715 516 1797 qui
536 1715 638 1780 vitam
660 1715 745 1781 bene
766 1715 950 1780 ordinatam
963 1735 1002 1781 ac
1012 1715 1204 1797 dispositam
1216 1735 1312 1798 agere
1322 1717 1452 1797 vellent,

278 1836 395 1884 norma
425 1838 507 1900 opus
534 1839 623 1900 esse,
651 1821 695 1885 ad
715 1839 816 1903 quam
837 1821 948 1886 omnia
969 1820 1057 1886 tacta
1077 1820 1302 1903 dirigerentur.
1344 1822 1452 1887 Probe

280 1924 367 1987 enim
388 1923 536 1989 sciebant
558 1924 602 1988 illi
623 1928 750 1990 veteres
771 1925 933 2006 Romani,
955 1925 1089 1991 iuvenes
1110 1924 1237 1990 decimo
1261 1929 1352 1991 sexto
1367 1946 1455 1993 anno

278 2027 412 2093 vixdum
434 2032 566 2111 peracto
586 2030 730 2095 minores
752 2050 822 2095 esse
843 2034 943 2111 natu,
965 2049 1066 2112 quam
1088 2030 1143 2114 qui
1165 2030 1235 2096 sine
1258 2031 1376 2096 cortice
1394 2051 1454 2099 na·

277 2136 351 2199 tare
382 2139 534 2228 possent,
567 2135 754 2201 discendam
787 2136 884 2218 igitur
912 2155 982 2202 esse
1010 2137 1176 2218 regulam,
1198 2155 1283 2219 quae
1305 2137 1457 2218 doceret,

202 2242 205 2247 ’
282 2239 361 2322 quid
382 2244 467 2306 esset
482 2241 662 2320 vitandum,
684 2241 762 2324 quid
772 2242 961 2324 petendum,
984 2242 1062 2324 quid
1074 2242 1206 2322 rnatum,
1229 2241 1452 2324 quidbonum.
1497 2287 1502 2295 -

321 2345 393 2410 Hoc
413 2345 508 2411 docet
530 2381 566 2391 -
588 2347 704 2429 loquor
724 2366 764 2413 ex
786 2366 918 2426 eorum,
941 2366 1008 2412 non
1029 2367 1069 2412 ex
1089 2366 1163 2412 meo
1184 2348 1449 2429 sensu-philo·

281 2450 416 2529 sophia,
449 2468 514 2533 qua
536 2452 693 2541 neglecta
714 2455 846 2518 auctore
866 2453 991 2518 Seneca
1012 2451 1165 2517 simillimi
1187 2453 1296 2535 pueris
1317 2473 1449 2535 sumus,

281 2555 397 2637 quibus
419 2575 517 2623 omne
537 2557 697 2623 ludicrum
718 2559 752 2623 in
772 2560 876 2641 pretio
899 2563 966 2640 est,
989 2562 1021 2624 et
1041 2578 1109 2624 non
1130 2559 1270 2641 pueritia
1290 2559 1324 2624 in
1345 2559 1449 2641 nobis,

280 2660 339 2726 sed
360 2662 447 2744 quod
469 2663 599 2744 gravius
622 2667 688 2745 est,
710 2665 878 2746 puerilitas
899 2668 1067 2740 remanet,
1089 2668 1120 2730 et
1144 2665 1371 2730 auctoritatem
1390 2666 1452 2731 ha·

279 2766 395 2831 bemus
425 2785 562 2848 senum,
593 2769 672 2834 vitia
702 2789 900 2853 puerorum,
932 2790 993 2836 nec
1024 2789 1201 2853 puerorum
1222 2773 1371 2850 tantum,
1392 2772 1451 2852 sed

279 2871 452 2937 infantium
473 2872 559 2954 (epp.
583 2875 640 2938 115
661 2877 687 2938 dc
710 2875 788 2950 104).

320 2976 551 3042 Adulescentes
581 2979 695 3060 igitur,
724 2980 770 3045 ita
791 2999 905 3046 omnes
926 2981 1091 3062 graviores
1113 2980 1254 3046 Romani
1275 2981 1450 3062 volebant,

280 3082 342 3145 oiri
363 3081 434 3146 fieri
456 3083 641 3162 debebant3
662 3104 778 3167 scopus
800 3088 870 3150 erat
892 3088 1055 3170 supientia,
1076 3084 1344 3168 viapbilosophio.
1362 3085 1455 3151 Multi

281 3191 394 3251 tamen
415 3191 510 3253 -ut
540 3208 617 3253 mox
647 3189 831 3255 videbimus
853 3227 891 3236 -
913 3194 946 3256 et
973 3210 1033 3256 sua
1055 3194 1086 3255 et
1107 3189 1337 3272 magistrorum
1359 3192 1454 3274 culpa

280 3292 483 3374 propositum
504 3312 572 3358 non
594 3295 731 3359 assecuti
752 3300 837 3360 sunt.

318 3395 441 3462 Omnes
472 3398 675 3481 philosophi,
707 3419 948 3483 quamcumque
970 3400 1173 3482 disciplinam
1195 3385 1452 3484 profitebantur,

279 3503 449 3568 commode
470 3506 504 3569 in
526 3504 587 3570 tria
608 3525 728 3587 genera
748 3506 847 3571 dividi
869 3510 1013 3588 possunt.

306 3607 429 3700 ‘Unum
450 3628 552 3691 genus
574 3613 623 3675 est
644 3631 777 3693 eorum,
814 3612 887 3695 ,qui
908 3612 1058 3677 libertate
1079 3612 1265 3695 promiscua
1287 3613 1337 3676 usi
1357 3615 1452 3694 sunt,

281 3718 313 3778 et
334 3713 447 3780 obvios
468 3734 614 3799 quosque
636 3719 854 3783 monuerunt’
876 3718 965 3795 tSen.
989 3738 1038 3800 ep.
1060 3717 1100 3783 29
1121 3717 1233 3795 initio).

321 3819 471 3886 Alterum
492 3841 625 3902 eorum,
658 3823 768 3906 quiin
790 3823 866 3889 aula
885 3824 937 3888 vel
958 3823 991 3888 in
1012 3823 1148 3889 aedibus
1169 3823 1327 3889 nobilium
1349 3824 1455 3891 officia

282 3927 505 4008 praestabant.

319 4031 465 4097 Tertium
488 4034 689 4117 eorum,qui
710 4035 854 4100 scholam
877 4034 1047 4101 habebant
1069 4034 1242 4116 publicam.

320 4137 382 4215 Qui
403 4137 564 4204 referendi
584 4144 661 4205 sunt
682 4141 724 4205 ad
746 4160 847 4222 genus
868 4140 1011 4222 primum
1033 4159 1053 4205 a
1078 4141 1240 4222 Diogene,
1266 4141 1386 4222 Cynico
1398 4142 1451 4207 illo

281 4242 416 4324 profecti
437 4262 550 4309 omnes
572 4245 639 4310 fere
659 4246 800 4327 insignes
822 4248 916 4310 erant
934 4245 1102 4327 patientia,
1114 4244 1234 4327 inopia,
1246 4245 1375 4326 virtute,
1386 4247 1455 4328 pie·

281 4349 367 4426 tate,
389 4367 590 4432 quamquam
611 4351 746 4433 quidam
767 4351 852 4416 inter
874 4370 929 4416 eos
950 4350 1177 4433 impudentiae
1199 4355 1229 4417 et
1252 4351 1402 4417 sordibus
1422 4371 1458 4416 se

282 4451 416 4519 dabant.
443 4453 605 4539 „Cynicus
621 4460 706 4545 —ut
727 4456 772 4523 ait
792 4457 958 4541 Epictetus
968 4458 1021 4522 vel
1031 4457 1058 4522 si
1068 4457 1172 4522 mavis
1183 4457 1340 4523 Arrianus
1355 4493 1388 4503 -
1401 4477 1457 4524 ex·
