<?xml version="1.0" encoding="UTF-8"?>
<!DOCTYPE html PUBLIC "-//W3C//DTD XHTML 1.0 Transitional//EN"
    "http://www.w3.org/TR/xhtml1/DTD/xhtml1-transitional.dtd">
<html xmlns="http://www.w3.org/1999/xhtml" xml:lang="en" lang="en">
 <head>
  <title>
</title>
<meta http-equiv="Content-Type" content="text/html;charset=utf-8" />
  <meta name='ocr-system' content='tesseract 3.04.00' />
  <meta name='ocr-capabilities' content='ocr_page ocr_carea ocr_par ocr_line ocrx_word'/>
</head>
<body>
  <div class='ocr_page' id='page_1' title='image "./derationestoica00houcgoog_0105.png"; bbox 0 0 3382 5056; ppageno 0'>
   <div class='ocr_carea' id='block_1_1' title="bbox 827 537 867 601">
    <p class='ocr_par' dir='ltr' id='par_1_1' title="bbox 827 537 867 601">
     <span class='ocr_line' id='line_1_1' title="bbox 827 537 867 601; baseline 0.025 -1"><span class='ocrx_word' id='word_1_1' title='bbox 827 537 867 601; x_wconf 87' lang='grc'>86</span> 
     </span>
    </p>
   </div>
   <div class='ocr_carea' id='block_1_2' title="bbox 261 715 1464 2376">
    <p class='ocr_par' dir='ltr' id='par_1_2' title="bbox 261 715 1464 2376">
     <span class='ocr_line' id='line_1_2' title="bbox 262 715 1432 800; baseline -0.002 -18"><span class='ocrx_word' id='word_1_2' title='bbox 262 716 427 800; x_wconf 88' lang='lat' dir='ltr'>pientem,</span> <span class='ocrx_word' id='word_1_3' title='bbox 458 715 597 781; x_wconf 89' lang='lat' dir='ltr'>liberum</span> <span class='ocrx_word' id='word_1_4' title='bbox 629 735 699 780; x_wconf 88' lang='lat' dir='ltr'>esse</span> <span class='ocrx_word' id='word_1_5' title='bbox 729 715 903 782; x_wconf 86' lang='lat' dir='ltr'>neminem.</span> <span class='ocrx_word' id='word_1_6' title='bbox 957 715 1042 795; x_wconf 84' lang='lat' dir='ltr'>Quid</span> <span class='ocrx_word' id='word_1_7' title='bbox 1075 715 1162 781; x_wconf 89' lang='lat' dir='ltr'>enim</span> <span class='ocrx_word' id='word_1_8' title='bbox 1193 718 1243 781; x_wconf 87' lang='lat' dir='ltr'>est</span> <span class='ocrx_word' id='word_1_9' title='bbox 1272 715 1432 780; x_wconf 76' lang='lat' dir='ltr'>libertas?</span> 
     </span>
     <span class='ocr_line' id='line_1_3' title="bbox 261 804 1433 904; baseline -0.002 -16"><span class='ocrx_word' id='word_1_10' title='bbox 261 821 411 889; x_wconf 80' lang='lat' dir='ltr'><strong>Potestas</strong></span> <span class='ocrx_word' id='word_1_11' title='bbox 431 821 582 902; x_wconf 83' lang='lat' dir='ltr'>vivendi,</span> <span class='ocrx_word' id='word_1_12' title='bbox 601 825 639 886; x_wconf 80' lang='lat' dir='ltr'>ut</span> <span class='ocrx_word' id='word_1_13' title='bbox 660 821 748 893; x_wconf 71' lang='lat' dir='ltr'>vens.</span> <span class='ocrx_word' id='word_1_14' title='bbox 790 821 869 899; x_wconf 73' lang='lat' dir='ltr'>Quis</span> <span class='ocrx_word' id='word_1_15' title='bbox 889 821 986 902; x_wconf 79' lang='lat' dir='ltr'>igitur</span> <span class='ocrx_word' id='word_1_16' title='bbox 1006 821 1106 899; x_wconf 77' lang='lat' dir='ltr'>vivo,</span> <span class='ocrx_word' id='word_1_17' title='bbox 1126 823 1164 886; x_wconf 80' lang='lat' dir='ltr'>ue</span> <span class='ocrx_word' id='word_1_18' title='bbox 1186 804 1274 897; x_wconf 68' lang='lat' dir='ltr'>vio,</span> <span class='ocrx_word' id='word_1_19' title='bbox 1295 820 1358 886; x_wconf 77' lang='lat' dir='ltr'>nese</span> <span class='ocrx_word' id='word_1_20' title='bbox 1376 821 1433 904; x_wconf 77' lang='lat' dir='ltr'>qur</span> 
     </span>
     <span class='ocr_line' id='line_1_4' title="bbox 261 925 1432 1011; baseline -0.001 -19"><span class='ocrx_word' id='word_1_21' title='bbox 261 932 351 993; x_wconf 89' lang='lat' dir='ltr'>recta</span> <span class='ocrx_word' id='word_1_22' title='bbox 371 928 534 1011; x_wconf 86' lang='lat' dir='ltr'>sequitur,</span> <span class='ocrx_word' id='word_1_23' title='bbox 557 926 612 1010; x_wconf 91' lang='lat' dir='ltr'>qui</span> <span class='ocrx_word' id='word_1_24' title='bbox 634 927 754 1008; x_wconf 84' lang='lat' dir='ltr'>gaudet</span> <span class='ocrx_word' id='word_1_25' title='bbox 775 925 903 1007; x_wconf 82' lang='lat' dir='ltr'>officio,</span> <span class='ocrx_word' id='word_1_26' title='bbox 928 926 978 992; x_wconf 92' lang='lat' dir='ltr'>cui</span> <span class='ocrx_word' id='word_1_27' title='bbox 999 927 1131 991; x_wconf 90' lang='lat' dir='ltr'>vivendi</span> <span class='ocrx_word' id='word_1_28' title='bbox 1151 927 1206 991; x_wconf 87' lang='lat' dir='ltr'>via</span> <span class='ocrx_word' id='word_1_29' title='bbox 1227 926 1432 992; x_wconf 85' lang='lat' dir='ltr'>considerata</span> 
     </span>
     <span class='ocr_line' id='line_1_5' title="bbox 262 1032 1464 1116; baseline 0 -18"><span class='ocrx_word' id='word_1_30' title='bbox 262 1036 361 1116; x_wconf 83' lang='lat' dir='ltr'>atque</span> <span class='ocrx_word' id='word_1_31' title='bbox 394 1033 526 1114; x_wconf 90' lang='lat' dir='ltr'>provisa</span> <span class='ocrx_word' id='word_1_32' title='bbox 557 1035 630 1097; x_wconf 71' lang='lat' dir='ltr'>est?</span> <span class='ocrx_word' id='word_1_33' title='bbox 663 1032 718 1114; x_wconf 91' lang='lat' dir='ltr'>qui</span> <span class='ocrx_word' id='word_1_34' title='bbox 750 1032 873 1112; x_wconf 81' lang='lat' dir='ltr'>legibus</span> <span class='ocrx_word' id='word_1_35' title='bbox 909 1033 1041 1114; x_wconf 88' lang='lat' dir='ltr'>quidem</span> <span class='ocrx_word' id='word_1_36' title='bbox 1066 1051 1134 1097; x_wconf 94' lang='lat' dir='ltr'>non</span> <span class='ocrx_word' id='word_1_37' title='bbox 1154 1036 1288 1115; x_wconf 88' lang='lat' dir='ltr'>propter</span> <span class='ocrx_word' id='word_1_38' title='bbox 1309 1036 1434 1098; x_wconf 88' lang='lat' dir='ltr'>metum</span> <span class='ocrx_word' id='word_1_39' title='bbox 1461 1092 1464 1098; x_wconf 92' lang='lat'>.</span> 
     </span>
     <span class='ocr_line' id='line_1_6' title="bbox 262 1137 1433 1220; baseline -0.001 -17"><span class='ocrx_word' id='word_1_40' title='bbox 262 1141 375 1218; x_wconf 88' lang='lat' dir='ltr'>paret,</span> <span class='ocrx_word' id='word_1_41' title='bbox 406 1139 464 1204; x_wconf 90' lang='lat' dir='ltr'>sed</span> <span class='ocrx_word' id='word_1_42' title='bbox 496 1157 552 1202; x_wconf 90' lang='lat' dir='ltr'>eas</span> <span class='ocrx_word' id='word_1_43' title='bbox 573 1138 718 1220; x_wconf 82' lang='lat' dir='ltr'>sequitur</span> <span class='ocrx_word' id='word_1_44' title='bbox 740 1140 838 1220; x_wconf 85' lang='lat' dir='ltr'>atque</span> <span class='ocrx_word' id='word_1_45' title='bbox 860 1137 953 1219; x_wconf 86' lang='lat' dir='ltr'>colit,</span> <span class='ocrx_word' id='word_1_46' title='bbox 975 1137 1052 1220; x_wconf 87' lang='lat' dir='ltr'>quia</span> <span class='ocrx_word' id='word_1_47' title='bbox 1072 1137 1106 1201; x_wconf 94' lang='lat' dir='ltr'>id</span> <span class='ocrx_word' id='word_1_48' title='bbox 1127 1139 1270 1203; x_wconf 88' lang='lat' dir='ltr'>salutare</span> <span class='ocrx_word' id='word_1_49' title='bbox 1290 1138 1433 1203; x_wconf 83' lang='lat' dir='ltr'>maxime</span> 
     </span>
     <span class='ocr_line' id='line_1_7' title="bbox 263 1241 1433 1325; baseline 0.001 -18"><span class='ocrx_word' id='word_1_50' title='bbox 263 1263 333 1308; x_wconf 90' lang='lat' dir='ltr'>esse</span> <span class='ocrx_word' id='word_1_51' title='bbox 363 1243 502 1308; x_wconf 86' lang='lat' dir='ltr'>iudicat:</span> <span class='ocrx_word' id='word_1_52' title='bbox 525 1242 581 1324; x_wconf 88' lang='lat' dir='ltr'>qui</span> <span class='ocrx_word' id='word_1_53' title='bbox 602 1241 682 1307; x_wconf 87' lang='lat' dir='ltr'>nihil</span> <span class='ocrx_word' id='word_1_54' title='bbox 704 1241 799 1320; x_wconf 86' lang='lat' dir='ltr'>dicit,</span> <span class='ocrx_word' id='word_1_55' title='bbox 822 1241 901 1306; x_wconf 90' lang='lat' dir='ltr'>nihil</span> <span class='ocrx_word' id='word_1_56' title='bbox 922 1243 1019 1322; x_wconf 83' lang='lat' dir='ltr'>lacit,</span> <span class='ocrx_word' id='word_1_57' title='bbox 1040 1242 1120 1306; x_wconf 91' lang='lat' dir='ltr'>nihil</span> <span class='ocrx_word' id='word_1_58' title='bbox 1142 1243 1261 1324; x_wconf 76' lang='lat' dir='ltr'>cogitat</span> <span class='ocrx_word' id='word_1_59' title='bbox 1283 1242 1433 1325; x_wconf 90' lang='lat' dir='ltr'>denique,</span> 
     </span>
     <span class='ocr_line' id='line_1_8' title="bbox 261 1347 1433 1429; baseline 0.001 -17"><span class='ocrx_word' id='word_1_60' title='bbox 261 1347 324 1412; x_wconf 92' lang='lat' dir='ltr'>nisi</span> <span class='ocrx_word' id='word_1_61' title='bbox 354 1347 493 1412; x_wconf 83' lang='lat' dir='ltr'>libenter</span> <span class='ocrx_word' id='word_1_62' title='bbox 524 1366 562 1412; x_wconf 87' lang='lat' dir='ltr'>ac</span> <span class='ocrx_word' id='word_1_63' title='bbox 594 1347 713 1412; x_wconf 86' lang='lat' dir='ltr'>libere:</span> <span class='ocrx_word' id='word_1_64' title='bbox 747 1347 836 1411; x_wconf 86' lang='lat' dir='ltr'>ouius</span> <span class='ocrx_word' id='word_1_65' title='bbox 868 1347 979 1412; x_wconf 88' lang='lat' dir='ltr'>omnia</span> <span class='ocrx_word' id='word_1_66' title='bbox 1007 1347 1140 1412; x_wconf 88' lang='lat' dir='ltr'>consilia</span> <span class='ocrx_word' id='word_1_67' title='bbox 1160 1365 1278 1429; x_wconf 85' lang='lat' dir='ltr'>resque</span> <span class='ocrx_word' id='word_1_68' title='bbox 1299 1366 1433 1422; x_wconf 81' lang='lat' dir='ltr'>omnes,</span> 
     </span>
     <span class='ocr_line' id='line_1_9' title="bbox 262 1433 1434 1536; baseline 0.001 -19"><span class='ocrx_word' id='word_1_69' title='bbox 262 1433 344 1536; x_wconf 68' lang='lat' dir='ltr'>quies</span> <span class='ocrx_word' id='word_1_70' title='bbox 372 1452 472 1533; x_wconf 83' lang='lat' dir='ltr'>gerit,</span> <span class='ocrx_word' id='word_1_71' title='bbox 494 1452 627 1534; x_wconf 90' lang='lat' dir='ltr'>abipso</span> <span class='ocrx_word' id='word_1_72' title='bbox 649 1452 916 1534; x_wconf 88' lang='lat' dir='ltr'>proficiscuntur,</span> <span class='ocrx_word' id='word_1_73' title='bbox 945 1453 1126 1535; x_wconf 90' lang='lat' dir='ltr'>eodemque</span> <span class='ocrx_word' id='word_1_74' title='bbox 1148 1453 1352 1518; x_wconf 82' lang='lat' dir='ltr'>referuntur:</span> <span class='ocrx_word' id='word_1_75' title='bbox 1374 1472 1434 1518; x_wconf 89' lang='lat' dir='ltr'>neo</span> 
     </span>
     <span class='ocr_line' id='line_1_10' title="bbox 263 1556 1433 1641; baseline 0.001 -18"><span class='ocrx_word' id='word_1_76' title='bbox 263 1561 312 1623; x_wconf 89' lang='lat' dir='ltr'>est</span> <span class='ocrx_word' id='word_1_77' title='bbox 332 1559 398 1622; x_wconf 87' lang='lat' dir='ltr'>ulla</span> <span class='ocrx_word' id='word_1_78' title='bbox 418 1577 493 1638; x_wconf 88' lang='lat' dir='ltr'>res,</span> <span class='ocrx_word' id='word_1_79' title='bbox 515 1576 599 1640; x_wconf 86' lang='lat' dir='ltr'>quae</span> <span class='ocrx_word' id='word_1_80' title='bbox 620 1559 692 1641; x_wconf 88' lang='lat' dir='ltr'>plus</span> <span class='ocrx_word' id='word_1_81' title='bbox 714 1559 802 1640; x_wconf 89' lang='lat' dir='ltr'>apud</span> <span class='ocrx_word' id='word_1_82' title='bbox 824 1577 900 1628; x_wconf 85' lang='lat' dir='ltr'>eum</span> <span class='ocrx_word' id='word_1_83' title='bbox 920 1556 1061 1638; x_wconf 82' lang='lat' dir='ltr'>polleat,</span> <span class='ocrx_word' id='word_1_84' title='bbox 1083 1578 1182 1641; x_wconf 89' lang='lat' dir='ltr'>quam</span> <span class='ocrx_word' id='word_1_85' title='bbox 1203 1558 1303 1641; x_wconf 90' lang='lat' dir='ltr'>ipsius</span> <span class='ocrx_word' id='word_1_86' title='bbox 1317 1559 1433 1624; x_wconf 87' lang='lat' dir='ltr'>volun-</span> 
     </span>
     <span class='ocr_line' id='line_1_11' title="bbox 262 1662 1433 1745; baseline 0 -17"><span class='ocrx_word' id='word_1_87' title='bbox 262 1666 314 1728; x_wconf 85' lang='lat' dir='ltr'>tas</span> <span class='ocrx_word' id='word_1_88' title='bbox 335 1665 434 1744; x_wconf 88' lang='lat' dir='ltr'>atque</span> <span class='ocrx_word' id='word_1_89' title='bbox 455 1662 630 1727; x_wconf 81' lang='lat' dir='ltr'>iudicium:</span> <span class='ocrx_word' id='word_1_90' title='bbox 658 1662 708 1727; x_wconf 85' lang='lat' dir='ltr'>cui</span> <span class='ocrx_word' id='word_1_91' title='bbox 731 1662 864 1744; x_wconf 91' lang='lat' dir='ltr'>quidem</span> <span class='ocrx_word' id='word_1_92' title='bbox 886 1663 1004 1743; x_wconf 89' lang='lat' dir='ltr'>etiam,</span> <span class='ocrx_word' id='word_1_93' title='bbox 1025 1681 1111 1745; x_wconf 88' lang='lat' dir='ltr'>quae</span> <span class='ocrx_word' id='word_1_94' title='bbox 1132 1663 1198 1727; x_wconf 86' lang='lat' dir='ltr'>vim</span> <span class='ocrx_word' id='word_1_95' title='bbox 1218 1663 1342 1729; x_wconf 85' lang='lat' dir='ltr'>habere</span> <span class='ocrx_word' id='word_1_96' title='bbox 1363 1683 1433 1728; x_wconf 91' lang='lat' dir='ltr'>ma-</span> 
     </span>
     <span class='ocr_line' id='line_1_12' title="bbox 262 1767 1433 1850; baseline 0.002 -18"><span class='ocrx_word' id='word_1_97' title='bbox 262 1768 385 1833; x_wconf 84' lang='lat' dir='ltr'>ximam</span> <span class='ocrx_word' id='word_1_98' title='bbox 407 1767 543 1848; x_wconf 87' lang='lat' dir='ltr'>dicitur,</span> <span class='ocrx_word' id='word_1_99' title='bbox 564 1767 710 1833; x_wconf 82' lang='lat' dir='ltr'>Fortuna</span> <span class='ocrx_word' id='word_1_100' title='bbox 731 1768 803 1849; x_wconf 90' lang='lat' dir='ltr'>ipsa</span> <span class='ocrx_word' id='word_1_101' title='bbox 824 1768 927 1834; x_wconf 90' lang='lat' dir='ltr'>cedit:</span> <span class='ocrx_word' id='word_1_102' title='bbox 959 1769 1041 1833; x_wconf 86' lang='lat' dir='ltr'>sicut</span> <span class='ocrx_word' id='word_1_103' title='bbox 1061 1768 1191 1850; x_wconf 89' lang='lat' dir='ltr'>sapiens</span> <span class='ocrx_word' id='word_1_104' title='bbox 1212 1771 1311 1850; x_wconf 86' lang='lat' dir='ltr'>poeta</span> <span class='ocrx_word' id='word_1_105' title='bbox 1332 1769 1433 1846; x_wconf 79' lang='lat' dir='ltr'>dixit3</span> 
     </span>
     <span class='ocr_line' id='line_1_13' title="bbox 262 1872 1441 1957; baseline 0.003 -21"><span class='ocrx_word' id='word_1_106' title='bbox 262 1874 330 1937; x_wconf 84' lang='lat' dir='ltr'>suis</span> <span class='ocrx_word' id='word_1_107' title='bbox 359 1894 396 1938; x_wconf 83' lang='lat' dir='ltr'>eo</span> <span class='ocrx_word' id='word_1_108' title='bbox 426 1875 537 1957; x_wconf 80' lang='lat' dir='ltr'>cuique</span> <span class='ocrx_word' id='word_1_109' title='bbox 565 1873 699 1956; x_wconf 59' lang='lat' dir='ltr'>strepitur</span> <span class='ocrx_word' id='word_1_110' title='bbox 727 1873 874 1938; x_wconf 83' lang='lat' dir='ltr'>moribus.</span> <span class='ocrx_word' id='word_1_111' title='bbox 917 1874 982 1939; x_wconf 88' lang='lat' dir='ltr'>Soli</span> <span class='ocrx_word' id='word_1_112' title='bbox 1003 1872 1099 1954; x_wconf 86' lang='lat' dir='ltr'>igitur</span> <span class='ocrx_word' id='word_1_113' title='bbox 1120 1875 1183 1939; x_wconf 92' lang='lat' dir='ltr'>hoc</span> <span class='ocrx_word' id='word_1_114' title='bbox 1203 1874 1360 1956; x_wconf 85' lang='lat' dir='ltr'>contingit</span> <span class='ocrx_word' id='word_1_115' title='bbox 1381 1893 1441 1949; x_wconf 75' lang='lat' dir='ltr'>sa·,</span> 
     </span>
     <span class='ocr_line' id='line_1_14' title="bbox 262 1978 1434 2059; baseline 0.002 -17"><span class='ocrx_word' id='word_1_116' title='bbox 262 1978 382 2059; x_wconf 86' lang='lat' dir='ltr'>pienti,</span> <span class='ocrx_word' id='word_1_117' title='bbox 405 1981 441 2043; x_wconf 90' lang='lat' dir='ltr'>ut</span> <span class='ocrx_word' id='word_1_118' title='bbox 462 1978 542 2043; x_wconf 86' lang='lat' dir='ltr'>nihil</span> <span class='ocrx_word' id='word_1_119' title='bbox 563 1979 660 2043; x_wconf 85' lang='lat' dir='ltr'>faciat</span> <span class='ocrx_word' id='word_1_120' title='bbox 680 1978 821 2057; x_wconf 75' lang='lat' dir='ltr'>invitm,</span> <span class='ocrx_word' id='word_1_121' title='bbox 842 1979 921 2044; x_wconf 91' lang='lat' dir='ltr'>nihil</span> <span class='ocrx_word' id='word_1_122' title='bbox 943 1979 1066 2058; x_wconf 89' lang='lat' dir='ltr'>dolens,</span> <span class='ocrx_word' id='word_1_123' title='bbox 1087 1979 1165 2044; x_wconf 91' lang='lat' dir='ltr'>nihil</span> <span class='ocrx_word' id='word_1_124' title='bbox 1179 1981 1318 2045; x_wconf 86' lang='lat' dir='ltr'>coactus.</span> <span class='ocrx_word' id='word_1_125' title='bbox 1340 1978 1434 2058; x_wconf 88' lang='lat' dir='ltr'>Quod</span> 
     </span>
     <span class='ocr_line' id='line_1_15' title="bbox 264 2083 1433 2167; baseline 0.001 -18"><span class='ocrx_word' id='word_1_126' title='bbox 264 2083 323 2149; x_wconf 86' lang='lat' dir='ltr'>etsi</span> <span class='ocrx_word' id='word_1_127' title='bbox 344 2084 390 2148; x_wconf 87' lang='lat' dir='ltr'>ita</span> <span class='ocrx_word' id='word_1_128' title='bbox 412 2103 501 2164; x_wconf 86' lang='lat' dir='ltr'>esse,</span> <span class='ocrx_word' id='word_1_129' title='bbox 533 2085 679 2167; x_wconf 91' lang='lat' dir='ltr'>pluribus</span> <span class='ocrx_word' id='word_1_130' title='bbox 699 2085 807 2149; x_wconf 86' lang='lat' dir='ltr'>verbis</span> <span class='ocrx_word' id='word_1_131' title='bbox 829 2084 1055 2150; x_wconf 87' lang='lat' dir='ltr'>disserendum</span> <span class='ocrx_word' id='word_1_132' title='bbox 1078 2088 1145 2151; x_wconf 86' lang='lat' dir='ltr'>est:</span> <span class='ocrx_word' id='word_1_133' title='bbox 1166 2086 1246 2150; x_wconf 94' lang='lat' dir='ltr'>illud</span> <span class='ocrx_word' id='word_1_134' title='bbox 1267 2087 1379 2150; x_wconf 88' lang='lat' dir='ltr'>tamen</span> <span class='ocrx_word' id='word_1_135' title='bbox 1400 2086 1433 2150; x_wconf 92' lang='lat' dir='ltr'>et</span> 
     </span>
     <span class='ocr_line' id='line_1_16' title="bbox 262 2189 1435 2272; baseline 0.002 -18"><span class='ocrx_word' id='word_1_136' title='bbox 262 2189 362 2254; x_wconf 90' lang='lat' dir='ltr'>breve</span> <span class='ocrx_word' id='word_1_137' title='bbox 384 2191 416 2254; x_wconf 89' lang='lat' dir='ltr'>et</span> <span class='ocrx_word' id='word_1_138' title='bbox 438 2189 657 2255; x_wconf 87' lang='lat' dir='ltr'>confitendum</span> <span class='ocrx_word' id='word_1_139' title='bbox 680 2193 746 2269; x_wconf 86' lang='lat' dir='ltr'>est,</span> <span class='ocrx_word' id='word_1_140' title='bbox 768 2190 830 2254; x_wconf 91' lang='lat' dir='ltr'>nisi</span> <span class='ocrx_word' id='word_1_141' title='bbox 851 2191 906 2272; x_wconf 90' lang='lat' dir='ltr'>qui</span> <span class='ocrx_word' id='word_1_142' title='bbox 927 2191 973 2256; x_wconf 87' lang='lat' dir='ltr'>ita</span> <span class='ocrx_word' id='word_1_143' title='bbox 993 2191 1035 2255; x_wconf 88' lang='lat' dir='ltr'>sii</span> <span class='ocrx_word' id='word_1_144' title='bbox 1050 2191 1194 2272; x_wconf 86' lang='lat' dir='ltr'>affectus,</span> <span class='ocrx_word' id='word_1_145' title='bbox 1214 2191 1353 2256; x_wconf 89' lang='lat' dir='ltr'>liberum</span> <span class='ocrx_word' id='word_1_146' title='bbox 1365 2211 1435 2257; x_wconf 87' lang='lat' dir='ltr'>esse</span> 
     </span>
     <span class='ocr_line' id='line_1_17' title="bbox 263 2294 837 2376; baseline 0 -17"><span class='ocrx_word' id='word_1_147' title='bbox 263 2294 429 2359; x_wconf 89' lang='lat' dir='ltr'>neminem</span> <span class='ocrx_word' id='word_1_148' title='bbox 451 2294 529 2374; x_wconf 83' lang='lat' dir='ltr'>(Cio.</span> <span class='ocrx_word' id='word_1_149' title='bbox 550 2295 664 2376; x_wconf 88' lang='lat' dir='ltr'>parad.</span> <span class='ocrx_word' id='word_1_150' title='bbox 686 2295 722 2360; x_wconf 90' lang='lat' dir='ltr'>V.</span> <span class='ocrx_word' id='word_1_151' title='bbox 748 2295 837 2373; x_wconf 75' lang='lat' dir='ltr'>qao.)</span> 
     </span>
    </p>
   </div>
   <div class='ocr_carea' id='block_1_3' title="bbox 305 2400 1431 2500">
    <p class='ocr_par' dir='ltr' id='par_1_3' title="bbox 305 2400 1431 2500">
     <span class='ocr_line' id='line_1_18' title="bbox 305 2400 1431 2500; baseline 0.003 -36"><span class='ocrx_word' id='word_1_152' title='bbox 305 2400 356 2464; x_wconf 90' lang='lat' dir='ltr'>Vs.</span> <span class='ocrx_word' id='word_1_153' title='bbox 382 2400 421 2465; x_wconf 90' lang='lat'>78</span> <span class='ocrx_word' id='word_1_154' title='bbox 441 2419 511 2482; x_wconf 88' lang='lat' dir='ltr'>sqq.</span> <span class='ocrx_word' id='word_1_155' title='bbox 533 2400 670 2480; x_wconf 86' lang='lat' dir='ltr'>praebet</span> <span class='ocrx_word' id='word_1_156' title='bbox 690 2400 820 2466; x_wconf 85' lang='lat' dir='ltr'>Persius</span> <span class='ocrx_word' id='word_1_157' title='bbox 841 2401 983 2482; x_wconf 86' lang='lat' dir='ltr'>speciem</span> <span class='ocrx_word' id='word_1_158' title='bbox 1005 2401 1083 2466; x_wconf 90' lang='lat' dir='ltr'>artis</span> <span class='ocrx_word' id='word_1_159' title='bbox 1105 2401 1303 2466; x_wconf 87' lang='lat' dir='ltr'>dialecticae.</span> <span class='ocrx_word' id='word_1_160' title='bbox 1324 2400 1431 2500; x_wconf 82' lang='lat' dir='ltr'>Fingit</span> 
     </span>
    </p>
   </div>
   <div class='ocr_carea' id='block_1_4' title="bbox 235 2504 1437 4478">
    <p class='ocr_par' dir='ltr' id='par_1_4' title="bbox 263 2504 1434 2796">
     <span class='ocr_line' id='line_1_19' title="bbox 264 2504 1431 2588; baseline 0.001 -19"><span class='ocrx_word' id='word_1_161' title='bbox 264 2504 425 2586; x_wconf 84' lang='lat' dir='ltr'>aliquem,</span> <span class='ocrx_word' id='word_1_162' title='bbox 448 2505 503 2585; x_wconf 87' lang='lat' dir='ltr'>qui</span> <span class='ocrx_word' id='word_1_163' title='bbox 524 2524 629 2584; x_wconf 89' lang='lat' dir='ltr'>nuper</span> <span class='ocrx_word' id='word_1_164' title='bbox 650 2523 764 2568; x_wconf 89' lang='lat' dir='ltr'>servus</span> <span class='ocrx_word' id='word_1_165' title='bbox 786 2525 806 2570; x_wconf 85' lang='lat' dir='ltr'>a</span> <span class='ocrx_word' id='word_1_166' title='bbox 827 2505 959 2569; x_wconf 89' lang='lat' dir='ltr'>domino</span> <span class='ocrx_word' id='word_1_167' title='bbox 980 2505 1199 2571; x_wconf 87' lang='lat' dir='ltr'>manumissus</span> <span class='ocrx_word' id='word_1_168' title='bbox 1221 2508 1280 2570; x_wconf 90' lang='lat' dir='ltr'>est.</span> <span class='ocrx_word' id='word_1_169' title='bbox 1300 2506 1343 2571; x_wconf 87' lang='lat' dir='ltr'>Ut</span> <span class='ocrx_word' id='word_1_170' title='bbox 1362 2507 1431 2588; x_wconf 91' lang='lat' dir='ltr'>ple·</span> 
     </span>
     <span class='ocr_line' id='line_1_20' title="bbox 263 2595 1434 2691; baseline 0.002 -17"><span class='ocrx_word' id='word_1_171' title='bbox 263 2611 356 2691; x_wconf 87' lang='lat' dir='ltr'>rique</span> <span class='ocrx_word' id='word_1_172' title='bbox 386 2609 534 2674; x_wconf 91' lang='lat' dir='ltr'>homines</span> <span class='ocrx_word' id='word_1_173' title='bbox 565 2609 642 2674; x_wconf 84' lang='lat' dir='ltr'>novi</span> <span class='ocrx_word' id='word_1_174' title='bbox 673 2628 777 2674; x_wconf 86' lang='lat' dir='ltr'>vanus</span> <span class='ocrx_word' id='word_1_175' title='bbox 810 2613 842 2674; x_wconf 85' lang='lat' dir='ltr'>et</span> <span class='ocrx_word' id='word_1_176' title='bbox 873 2609 1030 2690; x_wconf 82' lang='lat' dir='ltr'>gloriosus</span> <span class='ocrx_word' id='word_1_177' title='bbox 1057 2614 1116 2674; x_wconf 86' lang='lat' dir='ltr'>est.</span> <span class='ocrx_word' id='word_1_178' title='bbox 1140 2595 1259 2675; x_wconf 48' lang='lat' dir='ltr'>&#39;laetat</span> <span class='ocrx_word' id='word_1_179' title='bbox 1281 2610 1342 2675; x_wconf 89' lang='lat' dir='ltr'>sibi</span> <span class='ocrx_word' id='word_1_180' title='bbox 1364 2631 1434 2676; x_wconf 88' lang='lat' dir='ltr'>esse</span> 
     </span>
     <span class='ocr_line' id='line_1_21' title="bbox 263 2713 1297 2796; baseline -0.002 -17"><span class='ocrx_word' id='word_1_181' title='bbox 263 2714 375 2780; x_wconf 87' lang='lat' dir='ltr'>omnia</span> <span class='ocrx_word' id='word_1_182' title='bbox 396 2715 487 2793; x_wconf 84' lang='lat' dir='ltr'>iura,</span> <span class='ocrx_word' id='word_1_183' title='bbox 509 2733 595 2796; x_wconf 90' lang='lat' dir='ltr'>quae</span> <span class='ocrx_word' id='word_1_184' title='bbox 616 2715 692 2778; x_wconf 89' lang='lat' dir='ltr'>sunt</span> <span class='ocrx_word' id='word_1_185' title='bbox 712 2713 773 2777; x_wconf 89' lang='lat' dir='ltr'>civi</span> <span class='ocrx_word' id='word_1_186' title='bbox 794 2733 931 2778; x_wconf 89' lang='lat' dir='ltr'>romano</span> <span class='ocrx_word' id='word_1_187' title='bbox 953 2714 972 2778; x_wconf 88' lang='lat' dir='ltr'>i.</span> <span class='ocrx_word' id='word_1_188' title='bbox 995 2735 1022 2779; x_wconf 89' lang='lat' dir='ltr'>e.</span> <span class='ocrx_word' id='word_1_189' title='bbox 1043 2715 1145 2780; x_wconf 86' lang='lat' dir='ltr'>libero</span> <span class='ocrx_word' id='word_1_190' title='bbox 1165 2716 1297 2781; x_wconf 90' lang='lat' dir='ltr'>homini.</span> 
     </span>
    </p>

    <p class='ocr_par' dir='ltr' id='par_1_5' title="bbox 264 2818 1436 3217">
     <span class='ocr_line' id='line_1_22' title="bbox 303 2818 1436 2899; baseline 0.004 -16"><span class='ocrx_word' id='word_1_191' title='bbox 303 2818 400 2883; x_wconf 91' lang='lat' dir='ltr'>Ponit</span> <span class='ocrx_word' id='word_1_192' title='bbox 429 2819 605 2883; x_wconf 90' lang='lat' dir='ltr'>terminum</span> <span class='ocrx_word' id='word_1_193' title='bbox 635 2819 813 2883; x_wconf 87' lang='lat' dir='ltr'>maiorem:</span> <span class='ocrx_word' id='word_1_194' title='bbox 845 2818 942 2883; x_wconf 82' lang='lat' dir='ltr'>Liber</span> <span class='ocrx_word' id='word_1_195' title='bbox 973 2822 1042 2899; x_wconf 90' lang='lat' dir='ltr'>est,</span> <span class='ocrx_word' id='word_1_196' title='bbox 1074 2819 1124 2884; x_wconf 92' lang='lat' dir='ltr'>cui</span> <span class='ocrx_word' id='word_1_197' title='bbox 1146 2820 1219 2885; x_wconf 86' lang='lat' dir='ltr'>licet</span> <span class='ocrx_word' id='word_1_198' title='bbox 1239 2821 1371 2898; x_wconf 88' lang='lat' dir='ltr'>vivere,</span> <span class='ocrx_word' id='word_1_199' title='bbox 1400 2825 1436 2887; x_wconf 90' lang='lat' dir='ltr'>ut</span> 
     </span>
     <span class='ocr_line' id='line_1_23' title="bbox 264 2923 1436 3003; baseline 0.003 -16"><span class='ocrx_word' id='word_1_200' title='bbox 264 2923 352 3001; x_wconf 86' lang='lat' dir='ltr'>vult;</span> <span class='ocrx_word' id='word_1_201' title='bbox 374 2927 406 2988; x_wconf 93' lang='lat' dir='ltr'>et</span> <span class='ocrx_word' id='word_1_202' title='bbox 427 2923 607 2987; x_wconf 87' lang='lat' dir='ltr'>minorem:</span> <span class='ocrx_word' id='word_1_203' title='bbox 629 2923 706 2987; x_wconf 90' lang='lat' dir='ltr'>Mihi</span> <span class='ocrx_word' id='word_1_204' title='bbox 727 2923 801 2988; x_wconf 85' lang='lat' dir='ltr'>licet</span> <span class='ocrx_word' id='word_1_205' title='bbox 821 2925 930 2989; x_wconf 86' lang='lat' dir='ltr'>vivere</span> <span class='ocrx_word' id='word_1_206' title='bbox 951 2927 988 2988; x_wconf 88' lang='lat' dir='ltr'>ut</span> <span class='ocrx_word' id='word_1_207' title='bbox 1008 2925 1102 3003; x_wconf 89' lang='lat' dir='ltr'>volo;</span> <span class='ocrx_word' id='word_1_208' title='bbox 1123 2925 1303 2991; x_wconf 87' lang='lat' dir='ltr'>concludit:</span> <span class='ocrx_word' id='word_1_209' title='bbox 1339 2926 1436 2992; x_wconf 91' lang='lat' dir='ltr'>Liber</span> 
     </span>
     <span class='ocr_line' id='line_1_24' title="bbox 264 3028 1435 3112; baseline 0.004 -20"><span class='ocrx_word' id='word_1_210' title='bbox 264 3047 356 3107; x_wconf 90' lang='lat' dir='ltr'>sum,</span> <span class='ocrx_word' id='word_1_211' title='bbox 378 3028 458 3110; x_wconf 92' lang='lat' dir='ltr'>quin</span> <span class='ocrx_word' id='word_1_212' title='bbox 479 3029 577 3094; x_wconf 86' lang='lat' dir='ltr'>etiam</span> <span class='ocrx_word' id='word_1_213' title='bbox 598 3028 730 3094; x_wconf 89' lang='lat' dir='ltr'>liberior</span> <span class='ocrx_word' id='word_1_214' title='bbox 751 3029 872 3105; x_wconf 88' lang='lat' dir='ltr'>Bruto,</span> <span class='ocrx_word' id='word_1_215' title='bbox 893 3048 994 3112; x_wconf 91' lang='lat' dir='ltr'>quum</span> <span class='ocrx_word' id='word_1_216' title='bbox 1015 3030 1068 3094; x_wconf 90' lang='lat' dir='ltr'>hic</span> <span class='ocrx_word' id='word_1_217' title='bbox 1089 3031 1200 3095; x_wconf 90' lang='lat' dir='ltr'>consul</span> <span class='ocrx_word' id='word_1_218' title='bbox 1220 3030 1340 3096; x_wconf 89' lang='lat' dir='ltr'>liberos</span> <span class='ocrx_word' id='word_1_219' title='bbox 1359 3050 1435 3097; x_wconf 93' lang='lat' dir='ltr'>suos</span> 
     </span>
     <span class='ocr_line' id='line_1_25' title="bbox 264 3133 1288 3217; baseline -0.001 -19"><span class='ocrx_word' id='word_1_220' title='bbox 264 3133 445 3198; x_wconf 87' lang='lat' dir='ltr'>interficere</span> <span class='ocrx_word' id='word_1_221' title='bbox 466 3137 596 3199; x_wconf 85' lang='lat' dir='ltr'>coactus</span> <span class='ocrx_word' id='word_1_222' title='bbox 616 3133 677 3208; x_wconf 86' lang='lat' dir='ltr'>sii,</span> <span class='ocrx_word' id='word_1_223' title='bbox 700 3134 817 3216; x_wconf 90' lang='lat' dir='ltr'>quibus</span> <span class='ocrx_word' id='word_1_224' title='bbox 838 3137 933 3217; x_wconf 85' lang='lat' dir='ltr'>pater</span> <span class='ocrx_word' id='word_1_225' title='bbox 954 3135 1122 3200; x_wconf 78' lang='lat' dir='ltr'>maluisset</span> <span class='ocrx_word' id='word_1_226' title='bbox 1142 3155 1288 3217; x_wconf 87' lang='lat' dir='ltr'>parcere.</span> 
     </span>
    </p>

    <p class='ocr_par' dir='ltr' id='par_1_6' title="bbox 264 3237 1437 3952">
     <span class='ocr_line' id='line_1_26' title="bbox 304 3237 1434 3325; baseline 0.001 -22"><span class='ocrx_word' id='word_1_227' title='bbox 304 3237 431 3304; x_wconf 81' lang='lat' dir='ltr'>Stoicus</span> <span class='ocrx_word' id='word_1_228' title='bbox 463 3237 616 3320; x_wconf 88' lang='lat' dir='ltr'>quidam,</span> <span class='ocrx_word' id='word_1_229' title='bbox 648 3239 769 3321; x_wconf 88' lang='lat' dir='ltr'>quippe</span> <span class='ocrx_word' id='word_1_230' title='bbox 800 3239 850 3302; x_wconf 90' lang='lat' dir='ltr'>cui</span> <span class='ocrx_word' id='word_1_231' title='bbox 870 3241 946 3303; x_wconf 91' lang='lat' dir='ltr'>sunt</span> <span class='ocrx_word' id='word_1_232' title='bbox 966 3259 1060 3305; x_wconf 81' lang='lat' dir='ltr'>aures</span> <span class='ocrx_word' id='word_1_233' title='bbox 1080 3240 1152 3305; x_wconf 83' lang='lat' dir='ltr'>benc</span> <span class='ocrx_word' id='word_1_234' title='bbox 1170 3247 1342 3325; x_wconf 79' lang='lat' dir='ltr'>purpaloe,</span> <span class='ocrx_word' id='word_1_235' title='bbox 1366 3242 1385 3306; x_wconf 90' lang='lat' dir='ltr'>i.</span> <span class='ocrx_word' id='word_1_236' title='bbox 1408 3262 1434 3308; x_wconf 67' lang='lat' dir='ltr'>e⁴</span> 
     </span>
     <span class='ocr_line' id='line_1_27' title="bbox 265 3342 1435 3427; baseline 0.005 -19"><span class='ocrx_word' id='word_1_237' title='bbox 265 3343 321 3426; x_wconf 89' lang='lat' dir='ltr'>qui</span> <span class='ocrx_word' id='word_1_238' title='bbox 349 3344 436 3409; x_wconf 90' lang='lat' dir='ltr'>bene</span> <span class='ocrx_word' id='word_1_239' title='bbox 465 3343 630 3408; x_wconf 87' lang='lat' dir='ltr'>institutus</span> <span class='ocrx_word' id='word_1_240' title='bbox 661 3345 711 3407; x_wconf 86' lang='lat' dir='ltr'>esi</span> <span class='ocrx_word' id='word_1_241' title='bbox 743 3342 912 3424; x_wconf 86' lang='lat' dir='ltr'>disciplina</span> <span class='ocrx_word' id='word_1_242' title='bbox 936 3345 1218 3427; x_wconf 83' lang='lat' dir='ltr'>syllogismorum,</span> <span class='ocrx_word' id='word_1_243' title='bbox 1240 3348 1435 3427; x_wconf 83' lang='lat' dir='ltr'>respondet:</span> 
     </span>
     <span class='ocr_line' id='line_1_28' title="bbox 266 3447 1437 3532; baseline 0.005 -19"><span class='ocrx_word' id='word_1_244' title='bbox 266 3447 387 3531; x_wconf 87' lang='lat' dir='ltr'>accipio</span> <span class='ocrx_word' id='word_1_245' title='bbox 419 3448 599 3525; x_wconf 87' lang='lat' dir='ltr'>maiorem,</span> <span class='ocrx_word' id='word_1_246' title='bbox 631 3466 714 3529; x_wconf 81' lang='lat' dir='ltr'>nego</span> <span class='ocrx_word' id='word_1_247' title='bbox 748 3448 919 3514; x_wconf 89' lang='lat' dir='ltr'>minorem.</span> <span class='ocrx_word' id='word_1_248' title='bbox 960 3449 1072 3527; x_wconf 71' lang='lat' dir='ltr'>Quid?</span> <span class='ocrx_word' id='word_1_249' title='bbox 1101 3453 1195 3532; x_wconf 82' lang='lat' dir='ltr'>rogat</span> <span class='ocrx_word' id='word_1_250' title='bbox 1215 3452 1437 3519; x_wconf 89' lang='lat' dir='ltr'>manumissus</span> 
     </span>
     <span class='ocr_line' id='line_1_29' title="bbox 264 3553 1437 3637; baseline 0.004 -19"><span class='ocrx_word' id='word_1_251' title='bbox 264 3555 395 3633; x_wconf 85' lang='lat' dir='ltr'>noster,</span> <span class='ocrx_word' id='word_1_252' title='bbox 415 3553 558 3632; x_wconf 87' lang='lat' dir='ltr'>mihine,</span> <span class='ocrx_word' id='word_1_253' title='bbox 579 3556 755 3636; x_wconf 86' lang='lat' dir='ltr'>postquam</span> <span class='ocrx_word' id='word_1_254' title='bbox 777 3573 878 3633; x_wconf 87' lang='lat' dir='ltr'>meus,</span> <span class='ocrx_word' id='word_1_255' title='bbox 899 3574 967 3620; x_wconf 90' lang='lat' dir='ltr'>non</span> <span class='ocrx_word' id='word_1_256' title='bbox 988 3555 1121 3634; x_wconf 87' lang='lat' dir='ltr'>alienus,</span> <span class='ocrx_word' id='word_1_257' title='bbox 1143 3555 1234 3637; x_wconf 85' lang='lat' dir='ltr'>liber,</span> <span class='ocrx_word' id='word_1_258' title='bbox 1245 3575 1312 3621; x_wconf 91' lang='lat' dir='ltr'>non</span> <span class='ocrx_word' id='word_1_259' title='bbox 1324 3577 1437 3623; x_wconf 87' lang='lat' dir='ltr'>servus</span> 
     </span>
     <span class='ocr_line' id='line_1_30' title="bbox 265 3657 1436 3743; baseline 0.003 -19"><span class='ocrx_word' id='word_1_260' title='bbox 265 3659 331 3724; x_wconf 90' lang='lat' dir='ltr'>ritu</span> <span class='ocrx_word' id='word_1_261' title='bbox 351 3657 494 3739; x_wconf 84' lang='lat' dir='ltr'>legitimo</span> <span class='ocrx_word' id='word_1_262' title='bbox 514 3661 647 3740; x_wconf 86' lang='lat' dir='ltr'>peracto</span> <span class='ocrx_word' id='word_1_263' title='bbox 669 3677 689 3724; x_wconf 87' lang='lat' dir='ltr'>a</span> <span class='ocrx_word' id='word_1_264' title='bbox 710 3661 861 3742; x_wconf 86' lang='lat' dir='ltr'>praetore</span> <span class='ocrx_word' id='word_1_265' title='bbox 883 3659 1024 3739; x_wconf 84' lang='lat' dir='ltr'>discessi,</span> <span class='ocrx_word' id='word_1_266' title='bbox 1047 3660 1179 3739; x_wconf 88' lang='lat' dir='ltr'>mihine,</span> <span class='ocrx_word' id='word_1_267' title='bbox 1201 3661 1350 3743; x_wconf 90' lang='lat' dir='ltr'>inquam,</span> <span class='ocrx_word' id='word_1_268' title='bbox 1369 3681 1436 3727; x_wconf 85' lang='lat' dir='ltr'>nen</span> 
     </span>
     <span class='ocr_line' id='line_1_31' title="bbox 266 3762 1436 3846; baseline 0.003 -18"><span class='ocrx_word' id='word_1_269' title='bbox 266 3763 339 3829; x_wconf 86' lang='lat' dir='ltr'>licet</span> <span class='ocrx_word' id='word_1_270' title='bbox 360 3763 475 3842; x_wconf 87' lang='lat' dir='ltr'>facere,</span> <span class='ocrx_word' id='word_1_271' title='bbox 498 3762 716 3846; x_wconf 88' lang='lat' dir='ltr'>quidcumque</span> <span class='ocrx_word' id='word_1_272' title='bbox 737 3763 818 3828; x_wconf 91' lang='lat' dir='ltr'>mihi</span> <span class='ocrx_word' id='word_1_273' title='bbox 838 3763 928 3829; x_wconf 85' lang='lat' dir='ltr'>venit</span> <span class='ocrx_word' id='word_1_274' title='bbox 948 3763 982 3828; x_wconf 94' lang='lat' dir='ltr'>in</span> <span class='ocrx_word' id='word_1_275' title='bbox 994 3767 1148 3842; x_wconf 86' lang='lat' dir='ltr'>mentem,</span> <span class='ocrx_word' id='word_1_276' title='bbox 1171 3764 1352 3832; x_wconf 89' lang='lat' dir='ltr'>dummodo</span> <span class='ocrx_word' id='word_1_277' title='bbox 1369 3785 1436 3832; x_wconf 92' lang='lat' dir='ltr'>non</span> 
     </span>
     <span class='ocr_line' id='line_1_32' title="bbox 264 3867 1267 3952; baseline 0 -18"><span class='ocrx_word' id='word_1_278' title='bbox 264 3888 396 3952; x_wconf 87' lang='lat' dir='ltr'>peccem</span> <span class='ocrx_word' id='word_1_279' title='bbox 418 3870 531 3932; x_wconf 88' lang='lat' dir='ltr'>contra</span> <span class='ocrx_word' id='word_1_280' title='bbox 552 3867 638 3949; x_wconf 82' lang='lat' dir='ltr'>leges</span> <span class='ocrx_word' id='word_1_281' title='bbox 660 3871 691 3933; x_wconf 87' lang='lat' dir='ltr'>et</span> <span class='ocrx_word' id='word_1_282' title='bbox 712 3867 860 3934; x_wconf 86' lang='lat' dir='ltr'>instituta</span> <span class='ocrx_word' id='word_1_283' title='bbox 881 3868 1078 3950; x_wconf 86' lang='lat' dir='ltr'>reipublicae</span> <span class='ocrx_word' id='word_1_284' title='bbox 1099 3887 1267 3935; x_wconf 88' lang='lat' dir='ltr'>romanae.</span> 
     </span>
    </p>

    <p class='ocr_par' dir='ltr' id='par_1_7' title="bbox 235 3967 1436 4478">
     <span class='ocr_line' id='line_1_33' title="bbox 305 3967 1434 4056; baseline 0.001 -18"><span class='ocrx_word' id='word_1_285' title='bbox 305 3973 495 4056; x_wconf 90' lang='lat' dir='ltr'>Respondet</span> <span class='ocrx_word' id='word_1_286' title='bbox 538 3967 684 4037; x_wconf 87' lang='lat' dir='ltr'>Stoicus:</span> <span class='ocrx_word' id='word_1_287' title='bbox 726 3974 892 4054; x_wconf 88' lang='lat' dir='ltr'>ausculta,</span> <span class='ocrx_word' id='word_1_288' title='bbox 939 3973 984 4038; x_wconf 90' lang='lat' dir='ltr'>mi</span> <span class='ocrx_word' id='word_1_289' title='bbox 1015 3973 1121 4038; x_wconf 82' lang='lat' dir='ltr'>bone!</span> <span class='ocrx_word' id='word_1_290' title='bbox 1164 3975 1284 4056; x_wconf 84' lang='lat' dir='ltr'>duplex</span> <span class='ocrx_word' id='word_1_291' title='bbox 1317 3978 1367 4040; x_wconf 90' lang='lat' dir='ltr'>est</span> <span class='ocrx_word' id='word_1_292' title='bbox 1397 3976 1434 4040; x_wconf 92' lang='lat' dir='ltr'>li·</span> 
     </span>
     <span class='ocr_line' id='line_1_34' title="bbox 265 4077 1434 4163; baseline 0.003 -20"><span class='ocrx_word' id='word_1_293' title='bbox 265 4080 394 4157; x_wconf 75' lang='lat' dir='ltr'>bertaS,</span> <span class='ocrx_word' id='word_1_294' title='bbox 416 4077 519 4142; x_wconf 88' lang='lat' dir='ltr'>altera</span> <span class='ocrx_word' id='word_1_295' title='bbox 540 4078 662 4157; x_wconf 91' lang='lat' dir='ltr'>animi,</span> <span class='ocrx_word' id='word_1_296' title='bbox 683 4079 787 4143; x_wconf 86' lang='lat' dir='ltr'>altera</span> <span class='ocrx_word' id='word_1_297' title='bbox 809 4078 961 4159; x_wconf 86' lang='lat' dir='ltr'>corporis.</span> <span class='ocrx_word' id='word_1_298' title='bbox 992 4078 1087 4144; x_wconf 87' lang='lat' dir='ltr'>Hanc</span> <span class='ocrx_word' id='word_1_299' title='bbox 1107 4082 1216 4160; x_wconf 90' lang='lat' dir='ltr'>potest</span> <span class='ocrx_word' id='word_1_300' title='bbox 1238 4079 1317 4144; x_wconf 86' lang='lat' dir='ltr'>dare</span> <span class='ocrx_word' id='word_1_301' title='bbox 1339 4101 1434 4163; x_wconf 86' lang='lat' dir='ltr'>prae·</span> 
     </span>
     <span class='ocr_line' id='line_1_35' title="bbox 267 4182 1434 4267; baseline 0.003 -19"><span class='ocrx_word' id='word_1_302' title='bbox 267 4187 318 4248; x_wconf 86' lang='lat' dir='ltr'>lor</span> <span class='ocrx_word' id='word_1_303' title='bbox 350 4182 500 4262; x_wconf 89' lang='lat' dir='ltr'>cuilibet,</span> <span class='ocrx_word' id='word_1_304' title='bbox 539 4182 637 4247; x_wconf 85' lang='lat' dir='ltr'>eiiam</span> <span class='ocrx_word' id='word_1_305' title='bbox 679 4183 798 4261; x_wconf 86' lang='lat' dir='ltr'>stulto,</span> <span class='ocrx_word' id='word_1_306' title='bbox 838 4183 927 4248; x_wconf 87' lang='lat' dir='ltr'>illam</span> <span class='ocrx_word' id='word_1_307' title='bbox 968 4187 1100 4265; x_wconf 89' lang='lat' dir='ltr'>autem,</span> <span class='ocrx_word' id='word_1_308' title='bbox 1133 4204 1233 4267; x_wconf 88' lang='lat' dir='ltr'>quam</span> <span class='ocrx_word' id='word_1_309' title='bbox 1264 4186 1352 4250; x_wconf 89' lang='lat' dir='ltr'>solus</span> <span class='ocrx_word' id='word_1_310' title='bbox 1381 4205 1434 4252; x_wconf 86' lang='lat' dir='ltr'>sa·</span> 
     </span>
     <span class='ocr_line' id='line_1_36' title="bbox 235 4281 1436 4370; baseline 0.004 -18"><span class='ocrx_word' id='word_1_311' title='bbox 235 4281 239 4290; x_wconf 84' lang='grc'><strong>’</strong></span> <span class='ocrx_word' id='word_1_312' title='bbox 266 4288 359 4370; x_wconf 90' lang='lat' dir='ltr'>piens</span> <span class='ocrx_word' id='word_1_313' title='bbox 380 4287 500 4368; x_wconf 89' lang='lat' dir='ltr'>habet,</span> <span class='ocrx_word' id='word_1_314' title='bbox 526 4287 650 4353; x_wconf 89' lang='lat' dir='ltr'>donare</span> <span class='ocrx_word' id='word_1_315' title='bbox 671 4287 701 4352; x_wconf 92' lang='lat' dir='ltr'>ei</span> <span class='ocrx_word' id='word_1_316' title='bbox 722 4291 877 4369; x_wconf 81' lang='lat' dir='ltr'>negatum</span> <span class='ocrx_word' id='word_1_317' title='bbox 899 4290 958 4354; x_wconf 88' lang='lat' dir='ltr'>est.</span> <span class='ocrx_word' id='word_1_318' title='bbox 1002 4288 1117 4355; x_wconf 80' lang='lat' dir='ltr'>Omnes</span> <span class='ocrx_word' id='word_1_319' title='bbox 1137 4291 1220 4355; x_wconf 81' lang='lat' dir='ltr'>enim</span> <span class='ocrx_word' id='word_1_320' title='bbox 1240 4291 1332 4357; x_wconf 72' lang='lat' dir='ltr'>stulti</span> <span class='ocrx_word' id='word_1_321' title='bbox 1355 4293 1436 4357; x_wconf 78' lang='lat' dir='ltr'>scrut</span> 
     </span>
     <span class='ocr_line' id='line_1_37' title="bbox 266 4395 412 4478; baseline -0.027 -20"><span class='ocrx_word' id='word_1_322' title='bbox 266 4398 340 4478; x_wconf 71' lang='lat' dir='ltr'>auoit</span> <span class='ocrx_word' id='word_1_323' title='bbox 353 4395 412 4467; x_wconf 75' lang='grc'>58).</span> 
     </span>
    </p>
   </div>
   <div class='ocr_carea' id='block_1_5' title="bbox 0 0 1702 5056">
    <p class='ocr_par' dir='ltr' id='par_1_8' title="bbox 0 0 1702 5056">
     <span class='ocr_line' id='line_1_38' title="bbox 0 0 1702 5056; baseline 0 0"><span class='ocrx_word' id='word_1_324' title='bbox 0 0 1702 5056; x_wconf 95' lang='lat' dir='ltr'> </span> 
     </span>
    </p>
   </div>
  </div>
 </body>
</html>
