3402 5056
1429 559 1448 600 V

273 720 418 784 rantium
449 717 611 784 discordia
643 715 823 783 frueretur”
857 714 948 792 (Tac.
980 733 1056 778 ann.
1089 715 1109 780 l.
1143 715 1191 780 14.
1222 735 1249 781 c.
1273 717 1333 791 16).
1381 715 1449 781 Sub

273 823 423 905 pessimis
454 824 534 899 illis,
567 841 650 904 quos
675 821 750 886 tulit
773 821 900 898 Roma,
922 819 1194 900 imperatoribus,
1218 822 1274 904 qui
1297 821 1367 886 aliis
1388 821 1449 886 im-

273 948 389 1010 perare
409 929 584 1006 volebant,
606 926 667 991 sibi
689 945 757 991 non
768 927 930 1005 poterant,
951 924 1191 1006 philosophiam
1202 926 1236 990 in
1248 927 1323 991 aula
1333 926 1450 993 florere

273 1054 340 1100 non
371 1034 513 1114 potuisse
546 1034 759 1114 doctoresque
793 1030 1049 1095 assentatoribus
1084 1051 1183 1113 quam
1207 1032 1282 1097 viris
1304 1032 1396 1097 liberi
1418 1035 1451 1097 et

274 1139 405 1220 ingenui
426 1138 527 1203 animi
549 1138 718 1202 similiores
741 1136 848 1214 fuisse,
871 1135 964 1199 lacile
985 1135 1190 1217 intellegitur.
1211 1137 1311 1202 Marci
1327 1137 1451 1202 Aurelii

274 1247 351 1308 tunc
369 1244 518 1308 nondum
540 1243 608 1307 nati
630 1244 732 1318 erant¹
755 1241 899 1304 fautores
909 1239 1071 1304 bonarum
1084 1241 1212 1322 artium,
1225 1242 1280 1323 qui
1291 1242 1450 1323 palatium

276 1349 423 1413 fecerunt
444 1347 604 1428 retugium
626 1345 755 1409 virtutis
777 1347 809 1408 et
830 1344 1021 1425 sapientiae.

314 1453 358 1517 Ut
379 1453 476 1535 igitur
497 1455 606 1516 essent
630 1451 723 1515 liberi
744 1450 778 1513 in
799 1448 937 1514 dicendo
959 1450 1182 1532 tacendoque,
1202 1451 1223 1515 ii
1247 1453 1450 1533 philosophi,

275 1559 331 1640 qui
351 1559 412 1622 sibi
434 1557 671 1640 aliquantulum
692 1555 821 1620 virtutis
843 1557 875 1618 et
896 1554 1029 1618 honoris
1051 1555 1249 1634 tribuebant,
1272 1559 1385 1638 procul
1407 1559 1449 1623 ab

277 1664 352 1727 aula
372 1663 637 1744 principibusque
660 1664 692 1725 et
713 1660 801 1724 omni
825 1659 1020 1724 nobiliorum
1033 1664 1126 1725 coetu
1138 1661 1344 1743 recedebant,
1359 1663 1450 1728 iustis

277 1768 317 1832 de
339 1768 443 1832 causis
465 1768 546 1846 rati,
569 1767 648 1831 sicui
674 1785 831 1847 umquam
843 1765 1036 1847 philosopho
1048 1785 1107 1830 suo
1119 1786 1185 1831 non
1198 1768 1304 1833 alieno
1316 1769 1450 1834 arbitrio

276 1873 452 1938 vivendum
474 1892 554 1937 esse.
586 1871 627 1935 Hi
651 1875 764 1948 erant,
787 1871 842 1952 qui
865 1870 987 1935 cadunt
1007 1870 1040 1934 in
1063 1890 1164 1952 genus
1175 1873 1317 1938 tertium.
1338 1873 1451 1939 Habe-

274 1979 356 2042 bant
375 1977 521 2042 scholam
542 1976 726 2058 publicam,
748 1979 780 2039 et
802 1974 975 2056 discipulos
996 1976 1157 2040 rationem
1181 1978 1449 2059 philosophicam,

276 2103 374 2165 quam
397 2081 656 2162 profitebantur,
687 2079 835 2145 mercede
857 2080 1026 2144 docebant.
1059 2081 1238 2163 Perpauci,
1260 2084 1346 2147 inter
1369 2101 1450 2164 quos

275 2187 447 2269 Nigrinus,
476 2186 688 2267 philosophus
720 2185 922 2266 platonicus,
953 2186 1015 2249 hoc
1046 2184 1287 2252 damnaverunt
1307 2188 1451 2253 dicentes

276 2292 514 2375 philosophiam
548 2290 692 2355 studium
724 2289 871 2368 virtutis,
903 2308 969 2353 non
1001 2293 1106 2355 artem
1137 2293 1287 2356 venalem
1309 2313 1379 2358 esse
1399 2293 1452 2372 (cf.

277 2397 408 2461 Lucian.
429 2397 516 2477 Nigr.
539 2415 564 2460 o.
588 2395 648 2474 a5).
681 2394 832 2475 Plerique
854 2398 966 2458 lamen
988 2395 1181 2477 philosopho
1193 2398 1378 2463 mercedem
1388 2400 1448 2463 ho·

276 2505 368 2567 nesto
380 2501 571 2584 acquisitam
584 2519 651 2564 non
662 2500 837 2580 negabant.
852 2499 989 2580 ,Desine
1002 2535 1037 2544 -
1051 2500 1097 2564 ita
1108 2502 1269 2568 exclamat
1280 2502 1452 2577 Seneca-

277 2607 475 2688 philosophis
507 2605 646 2687 pecunia
677 2604 892 2668 interdicere:
924 2624 1021 2669 nemo
1043 2605 1237 2686 sapientiam
1258 2612 1452 2690 paupertate

277 2714 454 2779 damnavit.
475 2710 620 2776 Habebit
639 2709 850 2791 philosophus
863 2710 988 2791 amplas
1001 2729 1098 2790 opes:
1122 2711 1179 2776 sed
1190 2713 1268 2777 nulli
1280 2712 1453 2793 detractas,

276 2839 337 2883 nec
369 2818 475 2880 alieno
507 2815 664 2896 sanguine
686 2817 857 2891 cruentas,
880 2814 950 2878 sine
971 2814 1162 2897 cuiusquam
1183 2817 1301 2882 iniuria
1321 2822 1454 2899 partas,

276 2924 346 2989 sine
366 2922 504 2986 sordidis
524 2919 722 3003 quaestibus,
743 2938 883 3000 quarum
904 2923 972 2984 tam
993 2921 1150 2986 honestus
1170 2922 1211 2986 sit
1232 2923 1336 2988 exitus
1347 2943 1448 3007 quam

277 3028 447 3105 introituS,
471 3026 588 3107 quibus
609 3043 707 3088 nemo
728 3023 938 3104 ingemiscat,
959 3024 1020 3088 nisi
1041 3026 1210 3107 malignus.
1237 3029 1274 3091 ln
1288 3033 1448 3110 quantum

277 3135 345 3212 vis,
377 3150 517 3212 exagera
537 3130 629 3209 illas,
651 3130 809 3193 honestae
834 3131 929 3192 sunt:
951 3129 984 3193 in
1006 3130 1123 3212 quibus
1145 3150 1218 3195 cum
1239 3134 1343 3198 multa
1363 3135 1448 3217 sint,

278 3259 362 3321 quae
393 3239 528 3320 quisque
561 3254 621 3299 sua
652 3234 713 3298 dici
745 3233 842 3313 velit,
864 3234 943 3298 nihil
965 3237 1027 3309 est,
1050 3236 1138 3316 quod
1159 3237 1448 3320 quisquamsuum

277 3346 384 3409 dicere
404 3343 514 3425 possit.
538 3342 616 3405 cet”
642 3340 694 3414 (de
715 3339 769 3402 vit·
792 3339 878 3403 beat.
901 3359 927 3402 c.
948 3340 1011 3424 23).
1041 3341 1081 3405 nt
1091 3343 1201 3423 paullo
1212 3343 1316 3409 infra:
1341 3346 1449 3424 ,Sicut

276 3449 406 3531 sapiens
428 3447 552 3511 nullum
576 3445 747 3509 denarium
766 3443 853 3508 intra
872 3443 971 3508 limen
992 3465 1088 3510 suum
1110 3447 1278 3531 admittet,
1300 3451 1386 3516 male
1397 3452 1447 3516 in-

276 3557 438 3619 trantem:
469 3553 515 3616 ita
546 3554 579 3615 et
612 3568 748 3630 magnas
781 3569 879 3631 opes,
901 3569 1020 3615 munus
1041 3551 1210 3635 fortunae,
1243 3555 1448 3639 fructumque

276 3659 404 3723 virtutis
424 3677 492 3721 non
513 3655 717 3737 repudiabit,
749 3673 810 3719 nec
830 3654 1008 3720 excludet’'.

317 3763 383 3828 Sed
404 3763 491 3827 ethi
512 3760 694 3843 philosophi
716 3779 782 3824 non
804 3759 894 3824 omni
915 3760 949 3825 in
970 3779 1006 3826 re
1025 3762 1159 3843 perlecti
1169 3767 1203 3828 et
1212 3766 1367 3832 laudandi
1378 3768 1448 3834 fue-

277 3873 362 3932 runt.
406 3867 544 3931 Multum
576 3867 644 3942 est,
677 3864 765 3946 quod
797 3865 830 3928 in
862 3864 912 3928 his
942 3867 1059 3930 scholis
1085 3869 1189 3948 possis
1209 3873 1449 3952 reprehendere

278 3975 311 4037 et
333 3973 399 4036 iam
421 3991 441 4035 a
462 3969 619 4048 Musonio,
641 3968 826 4048 Plutarcho,
847 3970 1004 4050 Epicteto,
1026 3971 1143 4043 Tauro,
1167 3974 1236 4039 aliis
1247 3976 1449 4058 antiquitatis

277 4077 489 4159 scriptoribus
510 4074 745 4157 reprehensum
768 4076 824 4138 est.
856 4075 897 4138 Et
918 4076 1064 4156 magistri
1085 4080 1118 4141 et
1138 4078 1284 4160 discipuli
1304 4081 1450 4166 inculpa

278 4185 428 4261 fuerunt,
461 4201 543 4264 quos
575 4180 690 4244 ambos
716 4178 841 4244 Seneca
861 4181 974 4261 paucis
996 4182 1046 4247 his
1066 4184 1175 4249 verbis
1195 4186 1316 4268 optime
1337 4192 1450 4255 notat:

280 4288 430 4370 „Aliquid
451 4285 719 4367 praecipientium
734 4284 811 4348 vitto
822 4288 985 4367 peccatur,
1007 4288 1063 4370 qui
1074 4307 1135 4352 nos
1146 4288 1264 4355 docent
1274 4291 1450 4375 disputare,

279 4414 346 4460 non
379 4393 508 4457 vivere:
541 4391 663 4472 aliquid
693 4390 907 4472 discentium,
939 4393 994 4474 qui
1024 4395 1227 4476 propositum
1248 4398 1388 4464 afferunt
1408 4400 1451 4464 ad
