3382 5056
862 471 901 536 97

331 650 383 714 Vs.
417 649 457 715 68
487 669 557 733 sqq.
599 648 713 731 Nunc,
748 669 833 714 nunc
863 651 1035 734 impensius
1065 671 1165 735 cape·
1179 700 1185 716 .
1198 698 1227 716 ..
1268 655 1381 717 contar·
1422 650 1465 717 Hi

290 774 403 821 versus
432 755 528 821 valde
559 755 730 821 offendunt
759 754 1016 836 Nisardum70),
1048 756 1104 839 qui
1134 758 1229 838 putat
1256 755 1338 822 tales
1367 775 1464 822 voces

170 873 176 886 ·
288 880 406 944 parum
439 862 554 927 decere
585 881 621 926 os
652 861 812 939 stoicum;
843 860 973 927 scribit:
1009 859 1119 939 ,Getta
1150 861 1248 926 sortia
1281 863 1330 925 est
1358 859 1465 944 plutdt

289 966 367 1032 d'un
387 968 454 1032 bon
475 967 588 1032 vivant
609 985 673 1048 que
694 967 772 1031 d’un
795 965 946 1032 Stoicien.
977 966 1076 1032 Perse
1098 986 1118 1032 a
1136 965 1202 1048 jeie
1224 985 1284 1031 son
1305 968 1462 1033 manteau

289 1074 322 1136 et
351 1090 388 1137 sa
419 1071 522 1136 barbe
552 1069 720 1154 postiche,
749 1072 782 1134 et
811 1069 834 1134 il
865 1071 1025 1135 s'e'verlue
1055 1090 1182 1136 comme
1203 1090 1248 1136 un
1269 1064 1386 1136 ecolie'r
1406 1072 1463 1155 qui

287 1178 356 1240 sort
387 1177 428 1241 de
459 1177 569 1242 classe.
606 1176 800 1258 Cependant
822 1177 894 1240 tout
915 1195 951 1241 ce
975 1176 1124 1259 dialogue
1147 1176 1228 1258 (Sat.
1249 1177 1304 1254 Vl)
1323 1195 1387 1259 que
1406 1175 1462 1260 j’ai

287 1281 420 1364 analyse
442 1284 475 1345 et
494 1280 602 1346 re'duit
622 1300 685 1345 aux
707 1279 901 1362 principales
921 1280 1030 1361 ide'es,
1051 1283 1118 1360 est,
1136 1301 1177 1346 en
1188 1281 1358 1364 beaucoup
1369 1281 1460 1348 d’en·
1514 1353 1516 1356 ,

287 1387 408 1467 droits,
428 1387 557 1469 pe'nible
578 1389 611 1451 et
632 1386 801 1451 entortille.
833 1384 881 1452 La
901 1386 1011 1451 bonne
1031 1385 1126 1451 veina
1148 1386 1193 1452 du
1213 1389 1309 1468 poete
1328 1406 1370 1452 ne
1380 1390 1460 1469 peut

284 1513 319 1558 se
340 1491 421 1557 faire
442 1491 616 1556 librement
634 1490 708 1572 j0ur
728 1493 749 1555 a
769 1491 896 1554 travers
917 1490 963 1554 les
975 1490 1402 1574 habitudespe'dantesques
1417 1492 1458 1558 de

285 1597 414 1673 l'e'cole;
446 1614 489 1661 on
529 1617 551 1678 y
579 1597 653 1661 sent
673 1596 706 1661 13
726 1600 808 1677 gene
829 1597 861 1660 et
882 1595 914 1660 la
936 1595 1136 1674 contrainte,
1158 1613 1202 1661 on
1224 1595 1321 1662 dirait
1342 1599 1456 1679 quale

284 1720 409 1783 pauvre
440 1699 530 1765 initie'
562 1720 583 1765 a
610 1700 670 1766 1311
689 1719 735 1764 un
755 1699 904 1765 mauvais
926 1718 1028 1782 coup,
1051 1719 1092 1764 en
1114 1699 1291 1766 s'ebattaut
1308 1699 1415 1785 jusqu’
1437 1707 1457 1770 a

284 1807 469 1889 s’imaginer
489 1806 567 1890 qu’il
589 1809 638 1872 est
659 1805 787 1871 devenir
808 1805 980 1888 de'pensier
1001 1809 1034 1870 et
1055 1805 1188 1871 homme
1208 1805 1250 1871 de
1270 1806 1391 1888 plaisir.
1432 1809 1458 1874 ss

284 1913 407 1978 semble
438 1913 514 1994 qu'il
542 1911 672 1993 craigne
693 1911 793 1976 d'etre
815 1929 937 1994 apertu
958 1930 1019 1993 par
1039 1911 1190 1976 l’ausiere
1212 1911 1392 1996 Chrysippo
1413 1933 1457 1980 au

284 2020 431 2083 moment
451 2019 494 2083 oir
513 2017 536 2082 il
556 2017 649 2081 brrile
671 2036 712 2081 en
734 2016 880 2081 cachette
901 2035 946 2081 un
967 2015 1059 2096 grain
1081 2016 1233 2082 d'encens
1251 2016 1390 2084 idolatra
1400 2038 1457 2084 sur

285 2124 332 2189 les
354 2123 457 2188 autels
479 2123 509 2188 d’
531 2123 689 2206 Epicure”
712 2127 757 2204 (p.
779 2122 860 2200 aaa).

324 2228 377 2294 Sic
397 2228 557 2293 Nisardus
577 2230 615 2293 ut
635 2228 827 2309 plerumque
849 2226 959 2291 scitius
980 2229 1013 2291 et
1034 2225 1213 2308 elegantius
1234 2245 1335 2309 quam
1351 2227 1460 2294 verius

283 2334 432 2399 Persium
453 2336 486 2398 et
509 2333 623 2398 Stoam
644 2335 823 2415 percenset.
857 2331 993 2398 Videtur
1014 2351 1084 2397 esse
1106 2351 1235 2412 eorum,
1258 2332 1313 2415 qui
1333 2331 1459 2398 fabellis

282 2442 315 2504 et
325 2439 427 2520 nugis,
445 2457 530 2521 quae
542 2439 583 2503 de
594 2437 729 2502 summis
740 2434 941 2519 philosophis
954 2437 1225 2502 circumferuntur
1235 2435 1280 2517 (p.
1291 2435 1352 2501 174
1361 2437 1456 2520 sqq.)‚

282 2543 426 2609 credunt.
445 2543 479 2607 Si
499 2544 600 2608 ullam
620 2543 672 2606 vel
691 2541 889 2606 mediocrem
910 2560 1055 2624 operam,
1076 2545 1114 2606 ut
1134 2543 1344 2625 pernosceret
1353 2542 1454 2609 ratio-

279 2667 356 2714 nem
375 2649 530 2728 stoicam,
563 2647 724 2728 dedisset,
756 2665 938 2729 numquam
970 2646 1229 2730 disquisitionem
1249 2666 1346 2714 suam
1367 2645 1454 2714 iace-

279 2757 348 2820 tam
370 2756 502 2838 quidem
523 2754 580 2819 sed
601 2755 707 2819 levem
728 2751 917 2834 scripsisset.

319 2861 373 2926 Vs.
405 2861 454 2926 75.
495 2859 674 2926 Subiioet
701 2857 870 2939 inopinato
851 2860 1001 2940 opoeta
1031 2877 1068 2923 sa
1069 2859 1165 2924 tiram
1197 2857 1318 2923 claudit
1345 2858 1454 2924 verbis

278 2965 382 3048 plenis
403 2983 551 3030 summae
562 2961 720 3044 rndrgna
712 2962 793 3026 ionis
797 2961 933 3044 quibus
945 2965 1131 3028 exsecratur
1141 2961 1324 3028 avarrtram
1348 2962 1453 3043 ,Con-

277 3070 447 3174 geratur'
438 3089 473 3134 rn
503 3071 555 3147 le,
589 3066 746 3151 quidquid
779 3067 873 3132 multi
848 3068 1079 3150 ilocupletes
1108 3069 1343 3150 possederunt:
1365 3069 1452 3136 ultra

277 3151 442 3256 privatum
475 3172 633 3256 pecuniae
663 3172 800 3237 modum
831 3171 997 3238 fortunat
983 3173 1218 3255 t,eprovehat
1239 3192 1320 3239 auro
1340 3177 1452 3256 tegat,

276 3298 423 3363 purpura
442 3299 499 3343 ves
500 3278 579 3357 tiat,
547 3280 634 3342 tet
655 3295 693 3342 eo
715 3276 904 3342 deliciarum
916 3296 1081 3360 opumque
1092 3277 1259 3360 perducat
1281 3280 1342 3343 utt
1343 3297 1451 3344 arram

276 3383 495 3449 marmoribus
517 3382 718 3462 abscondas,
740 3383 773 3446 et
793 3400 860 3446 non
880 3383 1010 3446 tantum
1032 3381 1154 3448 habere
1175 3382 1235 3447 tibi
1255 3381 1352 3448 liceat
1338 3385 1451 3464 tsed,

189 3500 192 3506 ’
273 3489 401 3554 calcare
423 3487 570 3553 divitias:
593 3487 750 3552 accedant
770 3487 898 3552 statuae
920 3489 953 3551 et
972 3486 1139 3568 picturae,
1161 3490 1195 3551 et
1215 3485 1375 3569 quidquid
1397 3507 1450 3554 ars

276 3593 342 3664 ulla
362 3592 510 3658 luxuriae
530 3592 710 3657 laboravit:
731 3591 856 3656 maiora
878 3610 996 3673 cupere
1018 3591 1061 3656 ah
1081 3591 1132 3656 his
1144 3592 1257 3681 disces.
1278 3591 1450 3661 Naturalia

275 3698 437 3764 desideria
457 3697 550 3763 finita
570 3700 666 3762 sunt:
688 3716 728 3761 ex
748 3695 830 3762 falsa
851 3696 1004 3777 opinione
1025 3697 1202 3778 nascentia,
1217 3697 1275 3764 ubi
1287 3697 1448 3781 desinant,

274 3823 341 3869 non
362 3803 495 3868 habent
537 3800 654 3868 Nullus
673 3803 757 3866 enim
777 3802 930 3866 terminus
949 3802 1032 3878 falso
1053 3802 1116 3868 est''
1138 3802 1226 3878 (Seu.
1249 3822 1299 3884 ep.
1323 3803 1381 3878 16).

314 3907 459 3985 Stoicos,
490 3907 649 3989 imprimis
682 3905 901 3989 Chrysippum
932 3907 1028 3972 valde
1059 3907 1195 3972 coluisse
1226 3907 1448 3992 dialecticam,

257 4032 374 4095 supra
393 4013 460 4077 iarn
481 4012 564 4090 dixi3
585 4011 648 4077 vid.
670 4030 743 4095 pag.
765 4012 804 4076 13
814 4013 846 4077 h.
859 4011 900 4090 d,
911 4012 968 4077 ubi
979 4012 1085 4078 obiter
1096 4011 1188 4094 attigi
1198 4030 1447 4097 nonnumquam

274 4121 467 4198 argumenta
488 4121 521 4183 et
540 4118 695 4183 materias
717 4117 851 4182 subtiles
871 4117 990 4199 ingenii
1012 4118 1150 4184 acuendi
1171 4137 1270 4184 causa
1285 4120 1319 4185 in
1330 4120 1446 4186 scholis

274 4224 393 4306 exponi
425 4224 499 4289 solit
485 4227 536 4289 tas
570 4242 649 4290 es.se
691 4223 750 4289 His
781 4222 946 4288 interdum
977 4223 1103 4290 Stoicos
1128 4224 1289 4307 quosdam
1309 4225 1446 4292 nimiam

273 4348 410 4412 operam
431 4329 584 4396 tribuisse
605 4347 703 4395 nemo
726 4331 775 4394 est
795 4327 851 4411 qui
871 4330 977 4410 neget.
1008 4329 1055 4395 cf.
1077 4329 1153 4396 San
1175 4349 1225 4412 ep.
1248 4331 1322 4398 108:
1355 4331 1445 4415 ,phi-
