3402 5056
844 545 884 610 la

277 728 459 806 delectant,
491 726 550 792 sed
580 725 680 790 etiam
711 724 860 807 placent;
889 729 921 790 et
942 724 1061 790 desinit
1082 745 1153 791 esse
1173 725 1318 791 remedio
1339 727 1450 808 locus,

277 832 333 899 ubi
354 851 439 914 quae
460 830 590 896 fuerant
610 829 709 909 vitia,
731 849 839 896 mores
859 832 954 896 sunt'’
975 830 1061 906 (Son.
1084 850 1136 914 ep.
1157 831 1197 896 39
1217 830 1251 895 in
1273 832 1361 908 fine).

317 936 499 1018 Frugaliter
519 935 695 1000 vivendum
717 938 775 1001 est.
806 935 1006 1001 Felicitatem
1027 971 1067 983 -
1089 939 1126 1001 ut
1143 939 1291 1002 statuunt
1302 937 1401 1003 Stoici
1420 972 1452 984 -

278 1043 338 1109 soli
359 1044 457 1124 atque
479 1040 535 1106 uni
555 1040 680 1106 hahent
701 1040 743 1121 ii,
774 1040 829 1123 qui
851 1041 1005 1107 virtutem
1026 1040 1170 1120 habent,
1193 1041 1235 1106 ad
1257 1060 1356 1123 quam
1379 1041 1450 1107 adi·

277 1148 466 1231 piscendam
487 1165 555 1211 una
574 1146 673 1210 modo
694 1145 748 1210 via
769 1149 838 1224 est,
859 1145 1065 1229 philosophia
1083 1146 1151 1211 sive
1163 1145 1307 1211 studium
1319 1147 1451 1229 sapien·

278 1253 343 1318 tiae
376 1252 429 1329 (cf.
454 1252 473 1316 3
494 1270 568 1332 pag.
588 1252 620 1316 h.
643 1251 695 1326 d).
728 1250 793 1316 Sed
818 1269 901 1328 ,non
922 1253 1029 1334 potest
1051 1251 1195 1317 studium
1216 1251 1358 1318 salutare
1380 1252 1451 1318 fieri

279 1358 350 1424 sine
370 1356 562 1440 frugalitatis
584 1375 671 1423 cura.
692 1356 778 1432 (Sen.
801 1376 852 1438 ep,
877 1356 937 1438 17).

320 1571 374 1634 An
395 1569 453 1634 toli
473 1567 617 1634 studeam
636 1567 783 1633 calamo?
812 1567 862 1633 Ita
882 1566 1014 1633 Persius
1035 1569 1086 1633 vel
1107 1569 1134 1634 si
1154 1568 1258 1634 mavis
1280 1586 1388 1635 comes
1398 1567 1450 1633 ille

281 1673 493 1740 adolescentis
524 1673 632 1756 ignavi
663 1674 765 1738 verba
793 1672 929 1754 repetit,
958 1672 1145 1755 indignatus
1175 1675 1262 1757 quod
1283 1693 1382 1740 ausus
1403 1675 1452 1739 est

222 1813 224 1816 ·
280 1779 419 1846 obiicere
449 1800 484 1845 se
515 1798 583 1845 non
614 1798 710 1860 posse
740 1798 876 1860 operam
907 1779 987 1844 dare
1009 1779 1139 1861 optimis
1161 1779 1304 1860 studiiis,
1325 1779 1352 1843 si
1373 1778 1452 1860 quid

280 1885 350 1949 vitii
380 1885 502 1950 haheat
532 1885 786 1950 instrumentum
816 1884 986 1950 scribendi.
1029 1885 1114 1964 Quid
1139 1885 1246 1952 istud!
1270 1885 1451 1962 exclamat3

282 1989 352 2055 aliis
383 1989 533 2071 imponas
565 1989 681 2070 velim,
713 2008 781 2054 non
802 1989 892 2054 mihi.
931 1989 1044 2055 Omnes
1064 1993 1200 2072 possunt
1222 1990 1364 2069 discere,
1397 1988 1452 2072 qui

281 2094 467 2175 volunta).
490 2094 597 2173 Quam
617 2094 752 2160 stultum
774 2098 836 2174 est,
859 2095 947 2176 quod
968 2097 1046 2160 istas
1067 2095 1343 2178 tergiversationis
1354 2095 1452 2160 facist

282 2217 392 2264 nonne
423 2199 581 2282 intellegis
613 2204 705 2264 tuam
736 2218 803 2265 non
832 2201 973 2265 alienam
1006 2220 1076 2265 rem
1108 2201 1186 2282 agi?
1218 2200 1290 2280 (tibi
1310 2200 1455 2280 luditur),

282 2304 455 2387 Responsa
475 2307 534 2370 tua
555 2304 734 2385 stultitiam,
768 2324 833 2387 qua
854 2305 995 2384 laboras,
1012 2305 1157 2370 indicant
1178 2306 1297 2387 (ellluis
1319 2311 1454 2381 amens).

324 2410 561 2476 Contemnere!
583 2411 744 2500 exclamat
765 2413 883 2493 poeta,
905 2409 955 2476 cui
976 2411 1123 2476 monenti
1144 2411 1235 2477 haud
1257 2411 1355 2476 dubie
1377 2412 1453 2476 ante

283 2515 393 2592 oculos
417 2515 610 2581 versabatur
629 2515 850 2580 Horatianum
870 2516 968 2581 illud:

404 2670 624 2736 Contemnere
644 2669 762 2750 miser,
784 2669 919 2735 vitanda
942 2673 991 2735 est
1011 2669 1162 2753 improba
1183 2671 1277 2748 Siren

410 2774 560 2851 Desidia,
583 2777 659 2856 aut,
681 2774 838 2857 quidquid
857 2775 927 2841 vita
945 2775 1079 2841 meliore
1099 2777 1245 2858 parasti,

404 2879 599 2946 Ponendum
620 2898 726 2962 aequo
747 2879 867 2945 animo.
1003 2879 1092 2956 (Hor.
1106 2880 1171 2947 Sat.
1184 2881 1220 2947 ll.
1233 2883 1261 2949 3.
1277 2882 1406 2962 13-16)

324 3024 386 3092 Hic
415 3025 469 3090 vix
499 3025 578 3092 mihi
610 3026 835 3107 quaerendum
867 3025 1015 3090 videtur:
1047 3025 1103 3107 qui
1124 3029 1360 3093 contemnent?
1381 3027 1454 3109 qui,

285 3150 426 3215 quaeso,
458 3130 519 3195 nisi
539 3130 637 3210 boni,
666 3130 878 3213 quioperam
901 3130 982 3195 dant
1003 3130 1236 3212 philosophiae.
1278 3131 1363 3197 Nam
1385 3134 1455 3198 vul-

285 3257 364 3319 guS,
395 3236 483 3318 quod
514 3239 650 3300 externa
681 3235 779 3302 modo
802 3235 946 3316 appetit,
977 3254 1038 3301 nec
1058 3235 1238 3318 quidquam
1259 3236 1321 3300 nisi
1341 3236 1456 3320 volup·

284 3345 389 3407 tatem
411 3339 557 3422 quaerit,
589 3341 742 3405 iuvenem
762 3343 911 3405 nostrum
932 3340 1086 3422 ignavum
1110 3360 1177 3406 non
1198 3341 1361 3424 despiciet.
1395 3342 1457 3420 Qui

284 3465 400 3528 sapere
431 3445 564 3511 student
586 3448 619 3509 ot
639 3445 928 3527 philosophantur,
951 3465 1026 3511 eum
1047 3446 1248 3528 contemptui
1268 3447 1456 3526 habebunt;

285 3569 383 3631 nam,
403 3550 485 3616 sicut
508 3550 573 3615 olla
593 3549 759 3615 nonsatis
780 3550 883 3632 probe
905 3554 1013 3631 cocta,
1034 3570 1134 3633 quum
1156 3549 1256 3633 digito
1266 3552 1458 3634 percutitur,

286 3655 439 3722 tinnitum
470 3673 605 3720 raucum
628 3654 712 3735 edit,
747 3654 865 3720 sicilie
886 3674 953 3721 non
974 3656 1059 3722 bene
1080 3656 1247 3723 institutus
1267 3656 1305 3722 iis
1327 3661 1458 3725 tentan-

285 3761 373 3840 tibus
393 3760 563 3826 stultitiam
585 3759 718 3842 aperiet-

325 3866 378 3946 At,
400 3865 507 3947 pergit
527 3869 635 3947 poeta,
660 3865 779 3944 ,udum
801 3869 833 3931 et
854 3866 951 3932 molle
972 3865 1076 3932 lutum
1098 3885 1132 3930 es
1145 3867 1235 3948 cet.”,
1256 3866 1316 3932 ie.
1332 3868 1457 3934 iuvenis

287 3972 394 4038 adhuc
414 3991 469 4053 es,
490 3971 587 4054 igitur
608 3971 696 4037 velut
720 3991 795 4038 cera
814 3973 919 4037 mollis
940 3973 974 4038 in
991 3991 1213 4055 quascumque
1224 3973 1346 4037 l'ormas
1357 3972 1459 4056 redigi

286 4079 389 4159 potes,
411 4080 453 4158 et,
476 4077 553 4159 quia
574 4076 700 4142 iuvenis
722 4096 766 4158 es,
787 4079 895 4142 statim
908 4081 940 4143 et
960 4098 1057 4161 usqua
1068 4079 1163 4144 enixe
1174 4079 1207 4143 in
1218 4078 1459 4161 philosophiam

287 4182 455 4262 intendas,
476 4202 608 4248 necesse
631 4186 688 4248 est.

327 4288 494 4370 Expressis
514 4287 623 4354 verbis
643 4290 742 4370 poeta
764 4292 891 4354 monet:
925 4307 1047 4369 muno,
1069 4308 1156 4356 nunc
1176 4290 1403 4373 properandus
1424 4311 1460 4357 es

289 4396 322 4462 et
342 4392 411 4462 sine
432 4392 497 4460 fine
518 4392 689 4476 fingendus
710 4394 812 4476 rota”,
843 4393 921 4480 quia
942 4393 1075 4464 affectus
1096 4394 1221 4464 facilius
1239 4395 1398 4464 tolluntur
1419 4415 1459 4466 ex
