3382 5056
809 539 850 606 94

240 719 419 786 multorum
450 719 662 787 conversatio.
703 717 807 784 Nemo
838 737 905 784 non
937 717 1067 800 aliquod
1100 718 1195 784 nobis
1220 717 1335 783 vitium
1357 721 1415 783 aut

241 825 470 906 commendat,
492 829 549 891 aut
569 823 745 908 imprimit,
767 826 825 889 aut
845 823 1064 889 nescientibus
1085 824 1197 890 allinit.
1218 823 1337 906 Utique
1349 842 1414 907 quo

240 929 346 997 maior
377 932 426 995 est
455 931 616 1013 populus,
644 929 695 994 cui
717 929 982 1010 commiscemur,
1015 927 1077 994 hoc
1097 929 1230 1012 periculi
1251 928 1324 1010 plus
1346 928 1414 994 est”

241 1033 330 1117 (San.
353 1054 403 1118 ep.
425 1035 468 1115 7).

279 1139 346 1206 Sed
375 1139 444 1206 vita
474 1139 567 1222 lalis,
599 1159 684 1224 quae
717 1138 844 1222 degitur
871 1139 983 1221 procul
1004 1139 1047 1204 ab
1067 1138 1238 1204 hominum
1259 1137 1414 1204 societate

239 1244 268 1311 si
301 1244 387 1310 utilis
418 1264 485 1311 non
516 1244 701 1312 necessaria
732 1248 781 1309 est
812 1244 855 1309 ad
886 1243 1204 1327 philosophandum
1239 1263 1330 1322 ,oum
1351 1243 1414 1310 hac

240 1349 451 1434 persuasione
473 1349 649 1415 vivendum
671 1352 736 1414 est:
758 1367 826 1413 non
846 1368 919 1413 sum
939 1348 997 1414 uni
1018 1349 1136 1431 angulo
1157 1351 1274 1414 natus:
1307 1348 1415 1428 patria

239 1474 316 1522 mea
335 1457 422 1521 totus
443 1454 495 1520 hic
516 1458 566 1520 est
584 1455 737 1520 mundus.
769 1452 864 1531 Quod
884 1453 912 1518 si
932 1454 1071 1535 liqueret
1091 1453 1160 1533 tibi,
1181 1472 1249 1518 non
1270 1453 1414 1519 admira·

240 1559 340 1641 reris,
371 1559 417 1625 nil
448 1559 596 1627 adiuvari
616 1561 650 1626 te
670 1559 840 1642 regionum
860 1559 1093 1638 varietatibus,
1116 1559 1150 1623 in
1171 1578 1253 1641 quas
1275 1558 1414 1624 subinde

240 1664 386 1748 priorum
415 1664 524 1730 taedio
554 1664 685 1747 migras.
726 1663 838 1729 Prima
869 1663 957 1728 enim
989 1683 1140 1747 quaeque
1172 1663 1365 1745 placuisset,
1388 1665 1415 1729 si

240 1788 373 1836 onmem
393 1772 486 1836 tuam
506 1771 664 1836 crederes.
698 1770 772 1836 Non
792 1769 1030 1853 peregrinaris,
1053 1770 1111 1834 sed
1133 1788 1222 1836 erras
1245 1773 1278 1835 et
1299 1770 1414 1853 ageris,

240 1894 280 1942 ac
299 1876 406 1942 locum
427 1895 467 1941 ex
487 1876 557 1941 loco
578 1878 705 1942 mutas:
728 1895 802 1940 cum
821 1874 909 1955 illud,
931 1875 1171 1959 quodquaeris,
1193 1875 1412 1956 Benevivere,

241 1980 332 2047 omni
362 1980 432 2046 loco
463 1980 607 2062 positum
637 1981 688 2046 sit.
718 1979 884 2062 Numquid
914 1981 984 2045 tam
1004 1979 1171 2045 turbidum
1192 1979 1263 2046 lieri
1285 1982 1411 2062 potest,

226 2098 343 2170 'quam
373 2085 506 2151 forum?
536 2085 582 2151 ibi
615 2104 745 2169 quoque
775 2085 851 2149 licet
881 2084 990 2167 quiete
1011 2084 1141 2164 vivere,
1162 2085 1190 2150 si
1211 2103 1343 2150 necesse
1363 2085 1413 2152 sit.

241 2191 304 2258 Sed
333 2192 362 2257 εἰ
392 2191 462 2257 licet
492 2191 655 2276 disponere
685 2212 736 2270 se,
768 2197 963 2274 conspectum
993 2210 1112 2275 quoque
1132 2197 1161 2256 et
1180 2191 1328 2255 vicimum
1349 2191 1414 2267 fori

240 2297 351 2382 procul
370 2297 499 2381 sepium
508 2319 523 2378 ,·
540 2316 618 2364 nam
639 2299 676 2362 ut
695 2298 767 2361 loca
788 2296 919 2377 gravia,
941 2296 1039 2361 etiam
1061 2295 1281 2361 firmissimam
1291 2297 1410 2362 valetu-

242 2402 353 2468 dinem
373 2404 521 2468 tentant:
542 2402 589 2469 ita
609 2403 704 2468 donoc
724 2421 843 2486 quoque
862 2403 969 2480 menti,
989 2401 1122 2467 necdum
1136 2399 1240 2467 adhuc
1248 2401 1412 2485 perfectae

242 2514 271 2574 ct
301 2509 521 2574 convalescenti
551 2515 626 2574 eunt
650 2509 759 2591 aliquo
776 2527 894 2591 parum
913 2506 1064 2572 salubria.
1096 2506 1257 2572 Dissentio
1278 2507 1320 2573 ab
1341 2507 1412 2589 his,

242 2613 299 2696 qui
319 2612 353 2678 in
373 2613 490 2678 fluctus
509 2613 634 2678 medios
655 2615 800 2694 eunt,e
802 2612 1070 2677 ttumultuosam
1090 2612 1268 2693 probantes
1291 2612 1413 2694 vitam,

242 2717 388 2801 quotidie
408 2735 482 2783 cum
504 2717 748 2783 difficultatibus
767 2736 896 2796 rerum,
918 2735 1038 2798 magno
1054 2717 1164 2782 animo
1189 2718 1413 2784 colluctantur.

241 2823 380 2906 Sapiens
410 2821 493 2887 feret
478 2822 606 2903 tista,
637 2841 704 2888 non
726 2821 840 2904 eliget:
862 2824 895 2887 et
915 2822 1046 2887 malet'
1038 2841 1071 2887 m
1093 2841 1174 2904 pace
1196 2841 1287 2902 esse,
1308 2842 1411 2906 quam

242 2930 277 2996 in
296 2928 425 3012 pugna’
447 2934 509 3010 (ep.
530 2928 591 3004 28).

282 3036 337 3101 Vs.
360 3035 407 3099 18.
447 3034 533 3115 Lege
554 3052 638 3116 quae
659 3033 816 3100 annotavi
837 3033 880 3099 ad
900 3053 965 3098 vm.
987 3033 1027 3098 45
1047 3036 1108 3100 sat.
1130 3034 1167 3100 V.

281 3141 335 3206 Vs.
355 3140 396 3204 25
415 3158 485 3222 sqq.
526 3138 627 3206 Mesae
655 3146 744 3205 tenus
762 3139 895 3223 propriu
914 3140 987 3203 cicc.
1017 3138 1103 3216 Quid
1123 3138 1204 3204 haec
1229 3138 1332 3205 verba
1352 3138 1414 3221 sig·

242 3245 376 3311 nificent
402 3263 469 3309 non
489 3243 595 3311 video.
636 3245 740 3310 Velim
768 3233 843 3309 cum
863 3243 977 3309 Iahnio
999 3244 1160 3325 explicare
1189 3263 1304 3310 rocem
1325 3251 1415 3312 tenua

245 3368 366 3432 ,usque
391 3349 573 3430 adfinem,
595 3349 705 3432 quoad
725 3349 935 3432 suppetunt”.
968 3348 1033 3414 Sed
1053 3353 1226 3432 praeterea
1245 3369 1309 3415 vox
1324 3369 1414 3433 ,pro-

241 3454 334 3538 pria”
364 3455 445 3520 milri
475 3455 613 3522 obseura
645 3455 781 3521 videtur.
832 3453 918 3533 Quid
948 3454 975 3519 si
1008 3455 1144 3537 legimus
1180 3455 1414 3539 ,prima'’?⁸⁹)

242 3559 347 3626 Poeta
378 3561 465 3626 enirn
495 3563 626 3642 monet,
657 3580 699 3626 ne
731 3560 803 3644 quis
829 3560 891 3625 sibi
912 3563 1067 3642 congerat
1088 3579 1186 3642 opeS,
1209 3563 1266 3626 aut
1287 3561 1413 3644 copiam

243 3665 383 3732 cuiusvis
411 3665 537 3747 generis
568 3666 768 3746 accumulet,
798 3665 990 3749 priusquam
1009 3665 1133 3748 primos
1155 3665 1269 3748 capitis
1291 3666 1414 3732 fructus

244 3771 488 3856 consumpserit.
519 3772 644 3837 Eadem
664 3770 732 3837 fere
750 3775 861 3838 mente
881 3771 1024 3854 loquitur
1045 3771 1080 3836 in
1100 3771 1201 3838 satira
1221 3772 1240 3836 3
1261 3778 1321 3849 (vs.
1342 3771 1414 3854 73),

244 3896 323 3944 nam
353 3876 398 3942 ibi
429 3877 566 3943 darnnat
599 3877 772 3944 avariliam
803 3895 975 3944 causarum
1006 3877 1240 3960 patronorum,
1274 3895 1414 3962 quorum

244 3984 344 4052 cellae
374 3982 530 4067 penariae
564 3983 647 4050 adeo
679 3985 843 4050 confertae
873 3986 949 4049 sunt
970 3983 1117 4090 omnium
1137 4002 1293 4065 generum
1315 3982 1414 4065 cibis,

243 4093 281 4156 ut
302 4089 337 4157 hi
357 4107 437 4172 prae
458 4087 551 4171 copia
570 4091 770 4171 putrescant

283 4196 332 4262 Ne
353 4195 475 4268 habeat
496 4194 568 4278 quis
588 4195 660 4278 plus
681 4213 782 4278 quam
802 4193 881 4263 satis
903 4197 961 4261 est
992 4143 1276 4273 Quemadmodum
1288 4194 1414 4261 calceus

244 4317 312 4368 non
332 4300 432 4368 debet
417 4302 557 4366 tmaior
578 4319 649 4367 esse
670 4320 771 4385 quam
790 4319 868 4385 pes,
889 4300 935 4366 ita
955 4319 1022 4368 non
1035 4301 1152 4367 modus
1164 4320 1265 4384 opum
1276 4299 1414 4383 amplior

243 4406 448 4478 naturalibus
468 4406 611 4490 corporis
636 4405 823 4490 desideriis,
842 4407 880 4476 ut
900 4406 1064 4496 Epictetus
1085 4407 1140 4476 ait
1170 4407 1292 4477 Fruere
1308 4407 1415 4492 prima
