3402 5056
815 537 851 601 18

239 717 346 782 Laert.
367 716 432 781 1111.
456 716 535 790 1111).
557 714 626 780 Iam
647 715 849 795 videbimus,
871 733 935 796 quo
957 715 1089 779 consitio
1111 715 1172 781 hoc
1195 733 1335 780 vacuum
1357 735 1415 798 po-

243 825 350 886 natur.
380 819 531 885 Tradunt
562 819 649 884 enim
691 818 791 885 Stoici
818 823 893 900 post
915 823 1039 884 certum
1060 823 1189 901 tempus
1212 840 1232 886 a
1253 821 1320 885 fato
1344 839 1420 885 con·

245 925 413 1004 stitutum,
437 943 537 1006 quum
559 925 670 988 omnia
691 924 784 1005 signa
805 922 957 988 coelestia
977 924 1420 1006 redierintadtocum,unde

245 1029 388 1112 primum
411 1048 540 1093 cursum
561 1027 778 1106 instituerint,
799 1027 897 1092 totius
913 1028 1026 1093 mundi
1040 1028 1329 1110 conflagrationem
1341 1029 1420 1095 fore.

245 1135 338 1200 Tunc
368 1133 451 1214 ignis
481 1131 610 1213 omnia,
633 1136 833 1213 quaesunt,
855 1132 1007 1213 arripiet,
1038 1133 1225 1215 comburet,
1246 1135 1420 1216 purgabit,

245 1258 377 1304 omnem
397 1237 465 1302 vim
485 1237 618 1303 vitalem
639 1237 673 1302 in
696 1240 815 1302 natura
833 1237 867 1301 in
878 1238 1014 1302 aethera
1026 1256 1146 1318 purum
1158 1239 1307 1318 resolvet,
1319 1242 1421 1305 verbo

243 1347 349 1409 totum
371 1344 531 1407 mundum
551 1343 585 1406 in
606 1341 747 1406 formam
768 1342 961 1423 pristinam,
982 1361 1067 1424 quae
1090 1346 1166 1407 ante
1180 1342 1249 1408 eius
1261 1345 1419 1426 originem

245 1452 335 1527 erat,
357 1447 454 1529 igitur
474 1447 509 1512 in
531 1446 665 1513 aethera
688 1451 720 1510 et
741 1447 915 1511 materiam
935 1449 1092 1528 inertem,
1115 1448 1249 1530 rediget.
1272 1450 1325 1514 Ad
1335 1449 1422 1515 hanc

246 1553 451 1618 exustionem
471 1571 553 1634 opus
576 1555 625 1616 est
645 1570 768 1630 vacuo,
799 1552 887 1632 quod
908 1571 968 1631 ea,
989 1571 1074 1634 quae
1095 1571 1182 1617 nunc
1203 1554 1304 1620 mixta
1327 1559 1421 1629 sunt,

245 1659 401 1724 dissoluta
421 1658 529 1722 locum
550 1657 652 1720 multo
673 1656 831 1721 maiorem
855 1657 1069 1738 occupabunt.
1105 1658 1231 1723 Deinde
1252 1658 1308 1725 fiet
1323 1679 1420 1725 reno·

246 1764 334 1829 vatio
362 1763 497 1842 mundi,
529 1763 548 1828 i.
566 1783 593 1827 e.
627 1763 706 1828 deus
740 1781 859 1826 aevum
880 1782 959 1827 suae
978 1763 1065 1828 vitae
1088 1768 1242 1830 aeternae
1265 1763 1421 1830 ordietur.

245 1868 308 1947 Qui
336 1868 477 1932 mundus
507 1867 746 1946 redintegratus
779 1885 818 1930 ex
839 1868 928 1930 omni
949 1870 1043 1948 parte
1065 1867 1140 1932 huic
1161 1869 1285 1932 mundo
1310 1869 1422 1933 similis

249 1974 310 2040 erit
341 1973 523 2053 (Nemesius
554 1973 659 2036 Emes.
692 1972 733 2036 de
764 1975 830 2035 nat·
864 1972 952 2036 hom.
975 1991 999 2036 1.
1022 1973 1083 2047 38).
1116 1973 1165 2038 111
1186 1972 1238 2037 (111
1258 1973 1325 2038 vita
1346 1993 1420 2053 per·

247 2082 347 2161 petua
368 2077 451 2143 serie
474 2076 634 2156 originum
657 2079 689 2140 et
710 2076 1035 2141 transformationum
1056 2095 1136 2142 suae
1158 2077 1259 2158 ipsius
1285 2081 1423 2143 naturae

251 2182 391 2248 materia
412 2182 587 2247 commixta
609 2181 802 2246 continetur.

289 2287 448 2367 MunduS,
480 2307 581 2368 quum
603 2285 644 2350 sit
666 2305 853 2366 processuS,
886 2303 950 2366 quo
972 2285 1043 2366 ipsa
1064 2285 1176 2350 divina
1196 2290 1315 2352 natura
1336 2288 1424 2352 evol·

251 2393 356 2471 vitur,
388 2411 455 2456 non
486 2391 548 2456 nisi
577 2391 811 2472 pulcherrimus
833 2409 904 2455 esse
925 2394 1040 2470 potest.
1073 2391 1112 2455 Et
1135 2395 1244 2471 partes
1266 2395 1299 2457 11
1318 2373 1441 2457 11111111

253 2497 397 2578 perfecta
420 2500 452 2560 et
472 2495 556 2561 bene
577 2495 729 2560 ordinata
751 2497 835 2559 sunt.
866 2495 990 2559 Diffuse
1010 2496 1093 2561 haec
1112 2499 1232 2560 tractat
1248 2496 1360 2561 Cicero
1371 2497 1426 2572 (de

254 2605 320 2666 nat.
354 2601 433 2666 deor
465 2601 519 2666 lib.
548 2602 582 2664 11.
612 2619 637 2664 1.
660 2601 800 2678 36-61,
832 2619 917 2682 quae
937 2600 1073 2680 videas).
1105 2601 1196 2665 idern
1216 2588 1338 2665 ibidem
1359 2603 1423 2666 ait:

256 2705 353 2784 ,nihil
374 2705 520 2771 omnium
541 2724 650 2770 rerum
662 2705 777 2768 melius
789 2707 838 2768 est
848 2704 981 2782 mundo,
1004 2704 1084 2769 nihii
1095 2705 1332 2787 praestabilius,
1346 2706 1426 2771 nihii

255 2810 431 2893 pulchrius
462 2830 522 2875 nec
550 2811 655 2874 solum
677 2809 756 2874 nihil
778 2813 845 2886 est,
878 2808 936 2873 sed
958 2827 1000 2874 ne
1022 2809 1154 2890 cogitari
1177 2810 1309 2891 quidem
1330 2812 1425 2893 quid-

255 2934 355 2998 quam
376 2915 638 2997 meliuspotest”.
660 2916 700 2979 Et
710 2914 808 2995 paulo
819 2915 923 2979 infra:
950 2913 1086 2992 ,Omnia
1096 2915 1143 2979 ita
1153 2915 1329 2981 constituta
1340 2920 1427 2997 sunt,

252 3025 290 3088 ut
320 3041 428 3104 neque
449 3023 493 3087 ad
513 3040 609 3087 usum
630 3020 766 3086 meliora
788 3039 858 3085 esse
880 3019 1063 3101 potuerint,
1093 3040 1199 3102 neque
1222 3021 1265 3086 ad
1286 3021 1427 3104 speciem

253 3128 469 3209 pulchriora”.
510 3126 668 3192 Mundum
707 3126 803 3206 igitur
833 3144 1024 3206 comparare
1055 3126 1159 3207 possis
1180 3146 1254 3191 curn
1275 3129 1428 3193 machina

255 3233 410 3314 quadarn,
428 3231 518 3297 cuius
529 3235 620 3297 rotae
632 3232 786 3295 dentatae
797 3249 857 3311 per
868 3231 1052 3312 aptissimas
1064 3231 1292 3296 commissuras
1302 3236 1428 3298 motum

256 3340 459 3418 propagant,
490 3337 593 3400 donec
620 3335 830 3416 perveniatur
852 3335 895 3399 ad
915 3351 1080 3399 summurn
1101 3354 1211 3401 rerum
1232 3336 1351 3418 finem,
1372 3337 1428 3420 qui

256 3444 305 3506 est
325 3442 434 3505 homo.
464 3441 517 3505 Ad
537 3439 634 3504 huius
654 3459 750 3504 usum
773 3444 805 3504 et
827 3440 1030 3520 voluptatem
1051 3439 1162 3505 omnia
1174 3440 1327 3523 deinceps
1339 3452 1427 3506 com-

257 3549 374 3627 parata
405 3549 500 3625 sunt,
521 3564 583 3609 nec
603 3548 725 3610 temere
746 3564 843 3625 vero,
868 3564 946 3610 narn
970 3548 1057 3610 certa
1078 3546 1148 3626 tege
1170 3548 1202 3610 et
1224 3547 1355 3611 oonsilio
1375 3567 1427 3611 res

256 3668 351 3715 suam
372 3668 522 3731 quaeque
544 3668 604 3714 nec
626 3649 724 3714 aliam
745 3648 885 3713 formam
907 3653 939 3714 et
960 3649 1060 3714 finem
1081 3651 1224 3727 habent;
1245 3650 1291 3715 ita
1305 3652 1427 3716 herbae

258 3753 467 3832 animalium,
488 3755 570 3818 haec
590 3753 760 3818 hominurn
782 3773 882 3820 causa
904 3758 1013 3819 creata
1034 3756 1119 3818 sunt.
1152 3755 1236 3819 Nam
1257 3753 1355 3818 Stoici
1370 3774 1428 3835 per

258 3858 308 3924 fas
329 3877 368 3924 ac
387 3857 479 3923 nefas
500 3877 573 3922 earn
593 3859 751 3923 rationem
775 3860 971 3939 tuebantur,
993 3878 1093 3940 quam
1113 3858 1307 3923 recentiores
1327 3859 1427 3923 teleo-

257 3963 377 4046 logiam
409 3964 594 4044 appellant,
627 3965 716 4028 cuius
746 3965 946 4045 pertinaciae
977 3964 1081 4036 multa
1113 3962 1262 4043 exempla
1282 3961 1427 4027 invenies

260 4069 349 4153 apud
370 4068 560 4133 Ciceronem
580 4069 634 4142 (de
654 4073 719 4132 nat
744 4069 830 4133 deor.
854 4089 870 4133 1
900 4070 940 4132 61
961 4071 1054 4150 sqq).

298 4173 417 4238 Omnia
448 4173 482 4238 in
511 4173 635 4238 mundo
666 4174 698 4237 in
721 4193 816 4238 usum
839 4172 980 4238 hominis
1003 4172 1184 4250 destinata,
1206 4170 1311 4252 ipsum
1333 4191 1427 4236 mun·

260 4279 339 4344 dum
366 4279 491 4360 insigne
520 4299 602 4361 opus
624 4298 714 4358 esse,
736 4299 801 4361 quo
823 4280 933 4345 divina
954 4282 1074 4344 natura
1096 4275 1231 4340 virtutes
1252 4295 1328 4340 suas
1349 4296 1428 4341 con·

259 4385 385 4468 spicuas
416 4383 548 4462 reddat,
579 4384 645 4449 iam
676 4384 755 4451 satis
785 4404 948 4467 superque
976 4380 1185 4448 ostendimus.
1216 4379 1350 4460 Stoicis,
1372 4383 1427 4462 qui
