3382 5056
798 511 856 613 'rs

248 712 409 783 desiderio
432 711 625 793 gravissimo·
643 712 753 776 oculos
772 715 960 778 convertere
973 712 1016 778 ad
1036 733 1129 796 eam,
1153 735 1237 797 quae
1249 717 1318 781 sola
1330 718 1424 782 affert

246 822 455 903 felicitatem,
484 817 615 883 Persius
642 816 813 882 describit:
835 817 952 900 Magne
973 821 1072 885 Pater
1094 820 1175 884 cel.”

288 926 420 991 Haereo
452 924 486 987 in
517 922 625 987 verbis
651 939 769 1004 ,quum
790 923 855 988 iam
877 923 988 989 redire
1010 923 1053 989 ad
1075 924 1232 990 virtutem
1253 926 1424 1008 nequeant

251 1032 343 1097 Haec
375 1049 449 1094 cum
482 1027 610 1092 ratione
630 1028 731 1092 stoica
752 1047 819 1093 non
839 1028 936 1109 plane
958 1034 1148 1112 congruunt¹
1181 1031 1211 1094 A
1232 1033 1344 1096 nostra
1365 1051 1423 1095 vo-

250 1137 376 1201 luntate
398 1134 485 1198 enim
507 1132 637 1213 pendet,
655 1133 733 1198 boni
755 1133 825 1197 fieri
846 1133 1117 1211 velimusnecne;
1142 1154 1273 1214 ,omnes
1286 1155 1421 1215 praeoc-

249 1241 358 1323 cupati
399 1259 511 1304 sumus
542 1238 678 1303 virtutes
710 1238 853 1318 discere,
885 1238 964 1304 vitia
997 1239 1183 1319 dediscere,
1215 1243 1295 1306 cel'’.
1339 1241 1423 1316 (Vid.
1536 1245 1539 1260 ¹

248 1365 322 1428 pag.
346 1345 446 1410 ran.
469 1344 512 1417 dl

287 1450 353 1517 Sed
378 1448 472 1528 ,illud
494 1447 736 1528 desperandum
758 1451 825 1525 est,
848 1466 942 1529 posse
960 1447 1054 1512 nobis
1072 1468 1148 1512 casn
1159 1450 1288 1513 tantum
1299 1449 1423 1514 bonum

248 1555 405 1619 influere:
425 1553 643 1618 laborandum
665 1555 733 1616 est:
757 1556 806 1630 et,
831 1553 867 1616 ul
887 1571 1001 1618 verum
1024 1552 1151 1632 dicam,
1175 1572 1216 1617 ne
1237 1553 1330 1619 labor
1351 1555 1422 1637 qui-

249 1662 325 1725 dem
357 1677 495 1740 magnus
526 1660 595 1721 est:
627 1656 654 1720 si
686 1657 784 1720 modo
816 1660 863 1729 (ut
895 1656 974 1736 dixi)
1007 1659 1083 1734 ante
1108 1657 1254 1722 animum
1275 1662 1423 1726 nostrum

248 1764 390 1830 formare
420 1762 610 1843 incipimus,
644 1766 676 1826 et
698 1761 914 1842 recorrigere,
950 1781 1050 1844 quam
1070 1762 1256 1828 indurescat
1277 1765 1441 1845 pravitas·

249 1871 326 1936 eius.
359 1867 419 1932 Sed
439 1888 477 1932 ne
497 1867 651 1932 indurata
672 1866 807 1948 despero.
841 1865 929 1930 Nina
950 1867 1097 1950 estquod
1118 1888 1178 1932 non
1192 1876 1421 1954 erpnpnetper·

249 1978 339 2040 tinae
359 1994 471 2058 opere,
492 1979 521 2038 et
540 1973 660 2036 intente
681 1992 718 2036 ec
738 1970 871 2053 dilipens
892 1973 987 2036 cnro'’
1010 1975 1095 2049 (fen.
1121 1992 1171 2054 ep.
1192 1975 1252 2051 50).

289 2079 330 2143 m
349 2077 480 2161 tyranni
501 2077 616 2158 igilur,
651 2076 706 2157 qui
728 2077 873 2157 prolecto
895 2075 1046 2140 laborant
1067 2077 1218 2143 indurata
1239 2082 1421 2161 pravitate,
1492 2139 1493 2143 ,

250 2184 294 2248 ad
316 2182 470 2247 virtutem
491 2182 663 2264 pervenire
684 2185 839 2262 possunt,
861 2181 1159 2248 dummodovelint.
1182 2183 1322 2264 (Confer.
1335 2186 1420 2267 Lips.

251 2288 385 2353 manud.
407 2288 459 2353 ad.
480 2286 577 2353 Stoic.
599 2285 677 2368 phil.
699 2285 753 2351 lib.
775 2285 809 2349 ll.
833 2286 909 2350 diss.
932 2287 990 2360 10).

291 2392 375 2458 Sunt
396 2395 509 2457 tamen
529 2393 600 2456 loca
621 2390 797 2470 nonnulla,
820 2410 913 2474 quae,
936 2390 1420 2476 quodKnickenbergioplacet,

254 2498 478 2580 comprobant.
727 2565 729 2568 ,

290 2603 354 2668 Cic.
378 2601 495 2666 defin.
518 2602 558 2664 lV
580 2601 689 2681 aulea:
714 2604 828 2682 ,negat
849 2601 947 2680 Zeno,
968 2599 1150 2682 Platonem,
1172 2602 1197 2667 si
1213 2605 1343 2685 sapiens
1354 2623 1420 2670 non

249 2707 310 2786 sit,
342 2707 458 2772 eadem
492 2725 561 2770 esse
593 2705 626 2769 in
658 2724 775 2783 causa,
807 2725 873 2787 qua
904 2708 1082 2788 tyrannum
1104 2707 1304 2791 Dionysidm.
1337 2709 1421 2774 Huic

249 2813 332 2878 mori
363 2812 523 2893 optimum
556 2830 645 2889 esse,
677 2814 811 2892 propter
835 2809 1103 2892 ¹desperationem
1135 2814 1334 2894 sapientiae,
1356 2815 1419 2893 illi,

249 2921 383 3010 propter
413 2937 525 2998 spem,
545 2916 674 2981 vivere:
696 2919 831 2997 peccata
854 2917 1107 2998 autem‘partim
1129 2937 1199 2983 csse
1220 2919 1421 3000 tolerabilia,

249 3022 371 3104 partim
402 3022 489 3087 nullo
521 3022 639 3100 mode,
670 3024 844 3102 propterea
877 3022 965 3104 qood
988 3021 1051 3086 alia
1071 3027 1206 3104 peccata
1226 3025 1336 3106 plures
1357 3025 1420 3090 alia

249 3129 418 3210 pauciores
449 3127 543 3210 quasi
574 3145 728 3191 numeros
760 3125 856 3190 officii
888 3127 1122 3207 praeterirent:
1154 3130 1220 3193 iem
1241 3131 1421 3212 insipientes

250 3233 330 3298 alios
359 3235 405 3297 e‘ta
435 3252 518 3311 esse,
550 3239 585 3295 nt
610 3231 808 3296 nullomodo
830 3231 873 3295 ad
893 3233 1080 3316 sapientiem
1098 3240 1222 3314 possent
1238 3238 1420 3318 pervenire:

250 3339 348 3418 elios,
369 3338 424 3420 qni
442 3342 585 3419 possent,
607 3337 636 3399 si
655 3335 691 3400 id
712 3338 862 3418 epissent,
885 3337 1073 3418 sapientiem
1094 3340 1267 3422 eonseqni'’.

292 3443 416 3508 Seneca
448 3441 489 3507 de
521 3441 586 3520 ira,
621 3441 632 3504 l
654 3460 678 3505 c.
704 3442 760 3518 16;
881 3442 972 3522 ,Tibi
993 3441 1182 3507 insanabilis
1203 3443 1331 3510 animus
1352 3448 1420 3525 est,

251 3552 283 3613 et
303 3547 477 3613 sceleribus
500 3546 622 3610 scelera
643 3549 838 3611 contexens:
861 3551 892 3610 et
913 3546 980 3609 iam
1002 3565 1069 3611 non
1091 3548 1205 3625 causis,
1227 3569 1419 3630 quaenam·

250 3672 351 3734 quam
372 3651 458 3716 malo
480 3651 651 3716 defuturae
672 3656 767 3728 sunt,
789 3651 984 3733 impelleris,
1007 3652 1066 3716 sed
1078 3653 1156 3717 satis
1166 3653 1225 3718 tibi
1237 3657 1286 3718 est
1299 3673 1420 3736 magna

251 3757 293 3823 ad
324 3756 522 3839 peccandum
557 3775 675 3834 causa,
707 3775 851 3837 peccare.
893 3755 1067 3821 Perbibisti
1096 3759 1294 3839 nequitiam,
1322 3763 1355 3824 et
1374 3760 1420 3824 ita

250 3863 427 3928 visceribus
448 3861 670 3944 immiscuisti,
691 3865 728 3926 ut
748 3861 809 3926 nisi
831 3881 902 3925 cum
926 3861 1003 3942 ipsis
1019 3863 1112 3928 exire
1133 3865 1419 3944 nonpossit:olim

250 3955 350 4032 miser
370 3967 454 4032 mori
475 3967 613 4049 quaeris.
630 3967 679 4042 41)
711 3967 796 4030 Bene
819 3965 859 4029 dc
881 3970 914 4030 te
926 3966 1142 4031 merebimur:
1164 3969 1348 4034 auferemus
1361 3971 1420 4034 tibi

250 4075 367 4152 islam,
407 4092 473 4155 qua
494 4073 641 4152 vexariS,
673 4072 853 4146 insaniam,
877 4074 908 4135 et
926 4091 984 4153 per
1004 4074 1061 4136 tua
1083 4073 1254 4156 alienaque
1275 4075 1420 4140 volut-rto

250 4177 426 4260 supplicia,
458 4177 512 4255 ld,
544 4178 631 4260 quod
660 4197 761 4242 unum
783 4178 906 4241 bonum
929 4177 987 4241 tibi
1009 4181 1174 4258 superest,
1196 4187 1420 4261 repraesenta·

250 4284 377 4362 bimuS,
399 4284 568 4348 mortem”.

274 4388 429 4466 ,Tollitur
458 4387 510 4453 hic
541 4388 712 4453 arbitrium
744 4388 903 4468 liberum,
936 4388 1023 4470 quod
1054 4392 1181 4468 ponunt
1200 4389 1308 4456 Stoici.
1350 4395 1419 4460 Has
