3382 5056
860 495 900 560 95

292 693 399 740 messe
431 676 463 738 et
497 672 602 739 emole
629 672 830 738 frumentum
850 673 885 739 in
906 671 1065 756 granariis
1087 672 1264 739 conditum.
1295 672 1366 739 Hoc
1387 690 1466 738 con·

292 797 405 860 sume,
426 778 536 862 quoad
556 778 763 860 suppeditat,
785 781 818 844 et
838 777 969 843 interim
990 781 1023 843 te
1043 777 1161 843 iterum
1184 776 1294 843 confer
1315 777 1358 842 ad
1372 777 1464 843 labo·

291 903 382 961 rem3
412 903 490 949 mox
520 885 620 948 altero
651 883 766 960 messis
796 883 944 962 virescit,
978 902 1063 965 quae
1084 883 1193 966 priore
1214 884 1407 964 consumpta
1427 885 1461 946 te

291 989 415 1054 nutriat
446 990 544 1071 atque
564 990 734 1053 sustentet.
765 987 838 1052 Noli
860 988 941 1052 ullas
963 987 1186 1053 excusationes
1208 987 1345 1066 afferre,
1367 988 1460 1070 quasi

291 1094 398 1160 officia
429 1094 539 1176 aliqua
568 1095 601 1156 te
632 1092 847 1174 prohibeant,
881 1091 1054 1175 quominus
1086 1093 1132 1157 ita
1162 1110 1250 1174 agas.
1281 1093 1330 1158 Ne
1351 1091 1463 1160 diener

290 1219 422 1266 necesse
435 1202 484 1264 est
504 1218 557 1262 me
568 1217 666 1280 parce
685 1198 812 1278 vivere,
833 1216 912 1264 nam
924 1197 1047 1262 amicus
1057 1216 1150 1262 meus
1161 1197 1273 1262 omnia
1291 1197 1463 1278 naufragio

290 1305 407 1371 amisit.
436 1304 521 1382 Quid
541 1305 664 1384 habeo,
687 1304 774 1387 quod
799 1303 828 1368 ei
849 1304 990 1384 demssi
1011 1303 1122 1396 omnia
1150 1322 1357 1384 consumam,
1379 1303 1459 1388 quin

290 1411 389 1476 eliam
400 1409 677 1492 consumpserim?
698 1408 889 1491 Respondet
898 1409 1044 1474 Persius:
1066 1408 1327 1486 nilrefert3tunc
1340 1409 1458 1491 largire

203 1546 206 1551 ·
289 1515 411 1599 aliquid
438 1516 479 1580 de
509 1533 634 1595 messe,
666 1533 750 1597 quae
771 1513 875 1578 estin
896 1531 984 1595 agro.
1024 1512 1114 1579 Neve
1136 1513 1270 1595 afferaS,
1291 1517 1324 1579 te
1344 1514 1459 1593 vereri,

289 1640 330 1685 ne
360 1619 497 1685 heredes
527 1618 575 1684 tui
605 1619 639 1683 in
670 1618 837 1700 sepultura
864 1622 921 1684 tua
941 1618 1049 1683 minus
1070 1637 1166 1684 curae
1186 1621 1331 1702 ponant,
1352 1619 1460 1703 siquid

289 1725 330 1790 de
350 1728 407 1791 tuo
428 1723 617 1790 detraxeris.

332 1829 463 1908 ,Facilis
484 1829 609 1894 iactura
626 1828 793 1911 sepulcri’,
815 1829 902 1894 canit
922 1828 1071 1911 Virgilius
1093 1829 1187 1908 (Aen.
1208 1829 1244 1894 ll.
1266 1829 1348 1912 oto),
1370 1829 1460 1896 cuius
1484 1841 1487 1846 ’

287 1920 396 2000 fautor
417 1937 449 2000 et
470 1934 593 2000 amicus
614 1935 805 1999 Maecenas:
830 1933 914 2012 ,Nec
927 1935 1092 2000 tumulum
1104 1954 1195 2013 curo;
1216 1935 1330 2018 sepelit
1341 1937 1461 2002 natura

287 2039 446 2120 relictos'',
476 2044 513 2104 ut
534 2040 580 2104 ait
601 2039 726 2105 Seneca
746 2039 780 2103 in
800 2040 937 2120 epistola
958 2041 1015 2120 92,
1050 2041 1106 2123 qui
1126 2041 1264 2122 scriptor
1284 2040 1318 2105 in
1340 2041 1457 2106 eadem
1575 2076 1577 2082 ·

287 2144 385 2226 paulo
407 2147 635 2211 antemonet:
662 2145 721 2223 ,Ut
742 2165 782 2209 ex
802 2145 907 2210 barba
929 2146 1060 2228 capillos
1082 2147 1235 2212 detonsos
1245 2146 1456 2230 negleximus

287 2249 333 2314 ita
353 2250 406 2314 ille
427 2248 555 2314 divinus
576 2249 705 2314 animus
728 2269 914 2331 egressurus
935 2249 1119 2329 hominem,
1141 2271 1205 2333 quo
1216 2251 1458 2332 receptaculum

286 2373 382 2419 suum
412 2355 616 2435 conferatur,
658 2355 740 2435 ignis
778 2354 856 2420 illud
889 2357 1023 2434 exurat,
1056 2375 1099 2420 an
1130 2355 1220 2422 ferae
1252 2355 1458 2439 distrahant,

285 2478 329 2525 an
359 2464 447 2525 terra
469 2462 638 2541 contegat,
669 2478 735 2524 non
764 2458 868 2540 magis
890 2460 933 2524 ad
953 2479 988 2524 se
1009 2459 1131 2525 iudicat
1151 2461 1336 2543 pertinere,
1357 2481 1457 2545 quarn

153 2617 154 2621 ,
285 2563 445 2630 secundas
479 2565 522 2629 ad
552 2564 676 2630 editum
707 2563 876 2630 infantem.
917 2565 1035 2630 Utrum
1064 2565 1245 2646 proiectum
1266 2585 1343 2632 ares
1365 2567 1458 2635 diffe-

284 2673 378 2751 rant,
400 2689 443 2736 an
464 2673 673 2736 consumatur

565 2877 600 2887 -
624 2841 760 2908 canibus
782 2841 861 2908 data
881 2841 1006 2924 praeda
1026 2843 1167 2924 Latinis,

284 2999 361 3081 quid
392 2998 435 3063 ad
466 2998 586 3062 illum?
617 2994 680 3073 Qui
710 2999 789 3060 tunc
820 3015 970 3079 quoque,
1003 3015 1077 3060 curn
1111 2998 1198 3063 inter
1217 2997 1367 3064 homines
1388 3002 1456 3080 est,

281 3105 388 3170 nullas
408 3105 515 3169 minas
535 3101 644 3166 timet:
666 3100 792 3165 ullasne
813 3101 940 3166 timebit
960 3103 1196 3183 postmortem
1215 3103 1321 3169 minas
1333 3122 1457 3187 eorum,

282 3210 398 3292 quibus
419 3227 522 3290 usque
544 3206 587 3272 ad
607 3209 748 3271 mortem
770 3205 878 3271 timeri
898 3225 1017 3288 parum
1040 3210 1116 3273 est?
1151 3209 1225 3274 Non
1246 3210 1457 3293 conter(r)et,

281 3315 405 3397 inquit,
426 3333 499 3393 me,
521 3330 581 3377 nec
600 3330 723 3392 uncus,
745 3330 806 3377 nec
826 3311 962 3394 proiecti
984 3312 1027 3377 ad
1043 3313 1274 3380 contumeliam
1285 3314 1454 3381 cadaveris

280 3419 453 3498 laceratio,
474 3417 571 3483 foeda
591 3416 717 3481 visuris.
749 3416 914 3483 Neminem
934 3418 972 3483 de
992 3438 1139 3504 supremo
1149 3419 1256 3502 officio
1267 3421 1455 3506 reymundi

279 3525 430 3608 reliquias
450 3544 535 3590 meos
555 3522 752 3604 commendo,
773 3543 811 3588 ua
834 3524 905 3606 quis
925 3524 1197 3607 insepultuaessct,
1218 3533 1454 3593 rerumnaturo

276 3627 464 3714 prospexit&

624 3757 791 3837 ,Tabesne
814 3758 976 3824 cadavera
996 3760 1119 3842 solvat,

397 3864 450 3929 An
470 3884 588 3947 rogus,
609 3863 699 3929 haud
722 3863 840 3942 reiert;
860 3863 990 3946 placido
1012 3867 1131 3930 natura
1151 3868 1298 3949 receptat

399 3968 525 4035 Cuncta
546 3969 629 4051 sinu,
649 3969 814 4051 finemque
835 3969 885 4034 sui
905 3968 967 4034 sihi
991 3987 1128 4051 corpora
1149 3969 1290 4036 dehent”

897 4073 1032 4155 (Lucan.
1053 4075 1073 4140 l.
1096 4075 1159 4140 Vll.
1181 4094 1229 4142 vs.
1246 4076 1307 4142 810
1317 4076 1411 4159 sqq).

317 4244 371 4310 Vs.
393 4245 432 4310 37
453 4263 524 4327 sqq.
566 4244 614 4309 Te
635 4245 769 4326 impune
789 4244 896 4310 lacere
917 4246 1033 4327 putas,
1056 4245 1146 4329 quod
1165 4265 1237 4312 rem
1254 4246 1449 4315 familiarem

276 4369 343 4416 non
364 4353 468 4418 totam
491 4368 529 4415 ac
549 4349 711 4432 integram
732 4349 915 4433 reliquisti?
945 4349 998 4415 Sic
1019 4350 1161 4433 loquitur
1182 4352 1394 4436 heredipeta,
1416 4357 1450 4420 et
