3382 5056
822 556 861 622 69

261 734 333 798 ὅταν
354 761 399 799 σοι
423 740 608 818 προφάνηται
629 736 778 814 ἀργύριον,
794 737 1007 814 μεμελέτηκας
1019 735 1298 813 temptamento
1318 737 1440 798 δέουσαν

267 844 429 920 ἀπόκρισιν,
464 841 508 903 ὅτι
541 842 591 906 oia
624 842 745 919 &paeto
759 843 789 916 ;''
820 841 1022 919 (Arrianus);
1051 842 1233 908 videbimus
1255 860 1440 908 anvarnus

265 947 308 1011 sis
329 947 487 1028 avaritia,
518 947 709 1024 iracundia,
730 945 865 1011 libidine
887 946 957 1012 aliis
980 947 1075 1011 vitiis.

306 1051 372 1117 Sed
392 1071 505 1117 versus
529 1051 686 1114 lul-110
709 1051 831 1134 optime
855 1050 953 1116 etiam
975 1051 1128 1116 monitori
1148 1051 1281 1116 attribui
1293 1055 1440 1134 possunt.

267 1158 333 1238 Ego
364 1156 496 1239 quidem
527 1157 609 1221 haec
640 1156 741 1221 verba
774 1155 818 1221 ad
849 1155 996 1220 Persium
1027 1156 1079 1220 vel
1109 1155 1306 1220 monitorem
1327 1157 1441 1223 reterri

267 1262 399 1341 malim,
421 1260 543 1342 quippe
564 1260 619 1343 qui
640 1280 744 1342 usque
767 1260 902 1325 stultum
924 1261 1014 1325 illum
1037 1260 1193 1325 miserum
1214 1261 1368 1344 increpet.

308 1367 398 1433 Haec
428 1365 525 1447 igitur
554 1365 635 1431 mihi
656 1369 754 1448 poeta
785 1365 846 1430 sibi
866 1364 949 1430 velle
970 1365 1120 1430 videtur:
1157 1360 1373 1448 lntellegisne‚
1396 1367 1441 1431 mi

267 1473 383 1552 stulte,
405 1470 659 1550 similitudinem,
681 1490 782 1554 quam
794 1470 953 1558 narravi?
976 1471 1094 1535 Itane?
1114 1471 1219 1535 bene!
1242 1471 1439 1537 Nunctenta

267 1577 398 1658 pulsum
419 1594 598 1655 venarum,
618 1579 650 1641 et
671 1576 805 1656 explora
826 1575 931 1640 cordis
954 1575 1142 1640 motionem.
1175 1576 1301 1641 Suntne
1325 1594 1442 1641 manus

269 1684 302 1747 et
332 1680 432 1762 pedes
460 1680 593 1762 frigidi?
626 1680 796 1762 Corpusne
825 1684 918 1746 tuum
940 1700 997 1761 per
1020 1681 1132 1746 omnia
1152 1681 1285 1748 firmum
1307 1685 1340 1746 et
1361 1681 1442 1748 vali·

270 1787 349 1851 dum
381 1787 456 1850 est?
497 1786 616 1851 itane?
647 1786 756 1850 Bene!
790 1786 894 1851 credo.
927 1786 1092 1866 Putasne,
1124 1787 1202 1870 quia
1228 1786 1328 1852 uteris
1355 1785 1443 1852 bona

272 1891 460 1957 valetudine
484 1891 647 1974 corporis,
668 1895 702 1956 te
723 1892 822 1956 etiarn
842 1890 952 1956 animo
973 1892 1109 1957 valere?
1131 1894 1190 1957 cet.

314 1995 429 2061 Verbis
451 1996 540 2076 ,visa
561 1999 688 2060 est...
711 2016 766 2061 cor
786 1995 846 2060 tibi
867 1996 928 2060 rite
950 1997 1023 2061 salit
1035 1998 1070 2061 ?’'
1091 2001 1189 2078 poeta
1209 1995 1351 2079 inquirit,
1363 2015 1442 2061 num

271 2100 388 2164 stultus
420 2100 547 2165 duabus
579 2100 680 2164 animi
712 2100 1031 2181 perturbationibus,
1063 2103 1200 2165 acontio
1231 2104 1264 2165 ei
1287 2100 1443 2180 lubidine,

271 2204 352 2268 liber
373 2204 422 2270 sit.
452 2203 554 2269 Sedes
576 2205 751 2271 affectuum
773 2207 823 2270 est
843 2208 955 2287 pectus
977 2208 1010 2270 et
1030 2206 1152 2280 cor⁴⁸l
1175 2204 1298 2270 Deinde
1310 2205 1444 2270 stultum

273 2309 454 2388 examinat,
485 2329 565 2375 num
586 2310 712 2375 laboret
735 2310 882 2374 incuriae
902 2308 1037 2385 morbo,
1060 2312 1092 2372 et
1112 2309 1164 2372 ille
1186 2309 1337 2374 omnibus
1357 2310 1444 2374 hisce

271 2414 591 2496 percunctationibus
624 2434 754 2496 pressus
776 2417 808 2478 et
829 2413 964 2491 anxius,
995 2413 1112 2494 frigido
1133 2414 1252 2478 sudore
1275 2413 1391 2493 sudat,
1414 2418 1446 2479 et

273 2521 386 2602 aperte
406 2518 566 2599 significat
588 2539 623 2585 se
646 2522 763 2602 quarto
785 2519 886 2583 animi
906 2519 1032 2599 morbo,
1054 2520 1173 2598 timore,
1195 2518 1347 2584 affectum
1366 2537 1445 2584 esse.

273 2625 370 2706 Algos
407 2643 549 2707 pavore,
586 2627 684 2706 poeta
723 2625 844 2707 inquit,
877 2643 1079 2707 quamquam
1111 2626 1227 2706 modo,
1258 2627 1298 2690 ol
1328 2627 1445 2707 stulte,

274 2729 444 2794 affirmasti
464 2729 565 2812 pedes
585 2750 768 2813 manusque
789 2749 856 2795 non
880 2731 988 2810 algere
1027 2730 1068 2794 Et
1080 2731 1193 2812 quinto
1206 2731 1307 2796 animi
1318 2734 1444 2814 morbo,

273 2834 462 2914 iracundia,
483 2835 632 2915 laboras,
653 2855 732 2899 nam
754 2854 854 2917 quum
877 2835 969 2900 dictis
990 2835 1070 2900 meis
1081 2839 1114 2901 te
1127 2835 1228 2914 irrito,
1240 2836 1446 2902 excandescis

274 2939 343 3018 ira,
373 2943 428 3018 iu,
462 2939 517 3022 qui
545 2939 653 3004 dixisti
679 2940 746 3018 „Nil
769 2941 851 3004 calet
872 2940 953 3005 hic'’.
980 2939 1084 3005 Verba
1109 2940 1196 3010 edis.
1218 2959 1302 3023 quae
1323 2942 1375 3006 vel
1396 2941 1446 3005 in·

275 3043 464 3111 sanissimus
485 3044 632 3109 omnium
655 3045 846 3110 insanorum
868 3045 986 3111 insana
1007 3064 1077 3111 esse
1099 3045 1249 3110 affirmet.

764 3277 958 3288 n—-—.-

730 3435 912 3502 CAPUT
943 3438 994 3502 lV.

688 3684 738 3728 nn
771 3683 963 3729 snrrnnn
992 3663 1042 3728 lv.

315 3880 445 3945 Persius
455 3882 600 3947 Platonis
611 3883 784 3965 dialogum,
806 3885 862 3967 qui
873 3883 1059 3948 inscribitur
1074 3881 1274 3962 ,Alcibiades
1296 3878 1449 3962 primus”,

277 3984 422 4053 imitatus
452 3986 544 4066 fingit
574 3986 743 4054 Socratem
775 3991 964 4072 loquentem
996 4008 1070 4054 cum
1090 3986 1306 4053 Dinomaches
1327 3984 1450 4049 subole.

278 4089 374 4154 Hunc
393 4089 447 4155 ille
467 4110 526 4156 suo
540 4112 631 4157 more
642 4093 762 4158 ironice
773 4095 970 4176 interrogat,
993 4095 1087 4177 eique
1099 4092 1274 4176 exprobrat
1284 4090 1450 4157 temerita-

278 4196 363 4275 tem,
386 4195 474 4276 quod
495 4195 629 4261 vixdum
651 4198 780 4263 adultus
802 4200 868 4263 iam
881 4199 1088 4281 aggrediatur
1098 4217 1180 4280 opus
1191 4215 1294 4262 unum
1305 4193 1451 4261 omnium

227 4383 233 4395 ἱ
279 4298 521 4380 difficillimum,
542 4302 725 4382 gubernare
746 4304 990 4386 rempublicam.

319 4402 415 4480 Quod
445 4406 559 4471 volunt
587 4408 737 4473 nonnulli
768 4408 972 4476 Alcibiadem
993 4409 1047 4474 hic
1066 4409 1250 4486 Neronem,
1282 4404 1451 4471 Socratem
