3382 5056
816 503 856 567 56

251 699 381 763 ramus,
402 683 481 765 quid
502 683 543 748 sit
562 683 685 749 virtus:
705 703 771 750 una
792 683 852 764 sit,
875 704 918 750 an
938 685 1067 767 plures:
1100 689 1273 768 separatae
1295 705 1339 752 an
1362 705 1422 752 an·

251 803 376 853 nexae:
397 807 441 853 an
461 789 517 871 qui
537 807 638 856 unam
659 789 779 869 habet,
801 792 833 854 et
855 791 980 855 ceteras
997 789 1138 856 habeat:
1161 790 1327 872 quomodo
1339 791 1425 856 inter

251 911 286 957 se
308 891 469 959 differant.
500 893 575 960 Non
597 897 645 959 est
666 913 798 960 necesse
820 893 913 960 fabro
937 895 978 960 de
1000 895 1123 962 fabrica
1144 915 1314 978 quaerere,
1336 898 1424 980 quod

252 998 321 1062 eius
351 997 497 1078 initium,
529 998 601 1081 quis
622 1018 700 1064 usus
721 999 781 1064 sit:
802 1018 869 1064 non
890 1000 993 1082 magis
1015 1020 1115 1083 quam
1136 1002 1361 1084 pantomimo,
1383 1002 1424 1068 de

252 1106 322 1168 arte
343 1103 493 1168 saltandi.
521 1103 643 1169 Omnes
654 1105 734 1169 istac
747 1108 833 1170 artes
844 1125 879 1170 se
891 1105 1015 1171 sciunt:
1037 1106 1118 1172 nihil
1129 1106 1230 1172 deest.
1252 1107 1325 1175 Non
1338 1109 1425 1174 enim

252 1208 295 1272 ad
326 1210 430 1273 totam
461 1208 624 1289 pertinent
655 1210 777 1275 vitam:
805 1209 907 1275 virtus
929 1214 962 1276 et
983 1211 1121 1276 aliorum
1142 1211 1277 1278 scientia
1300 1216 1369 1287 est,
1393 1215 1426 1278 et

253 1312 322 1390 sui;
354 1313 544 1378 discendum
575 1314 616 1378 de
648 1313 719 1396 ipsa
748 1318 815 1394 est,
836 1318 873 1378 ut
893 1315 964 1397 ipsa
985 1317 1135 1381 voluntas
1157 1316 1320 1382 discatur:
1341 1317 1425 1383 actio

254 1420 344 1482 recta
364 1437 431 1483 non
453 1419 522 1497 erit,
544 1418 606 1483 nisi
627 1422 717 1485 recta
737 1419 833 1485 luerit
852 1421 1023 1499 voluntas3
1045 1420 1087 1486 ab
1098 1421 1160 1488 hac
1171 1421 1259 1487 enim
1270 1424 1319 1487 est
1331 1422 1424 1488 actio.
1473 1479 1475 1482 .

254 1507 400 1603 Rursus,
421 1524 572 1589 voluntas
592 1543 659 1590 non
681 1525 741 1590 erit
762 1527 860 1607 recta,
881 1525 943 1590 nisi
964 1526 1094 1591 habitus
1116 1526 1217 1591 animi
1232 1527 1421 1593 rectuslue·

254 1628 316 1694 rit:
347 1629 389 1695 ab
417 1629 479 1694 hoc
501 1629 587 1694 enim
608 1634 657 1696 est
677 1631 838 1696 voluntas.
870 1631 1009 1697 Habitus
1030 1652 1128 1714 porro
1151 1633 1252 1698 animi
1272 1633 1343 1698 non'
1362 1632 1423 1698 eril

253 1733 287 1798 in
309 1734 452 1816 optimo,
474 1734 536 1799 nisi
557 1735 654 1800 totius
676 1735 763 1802 vitae
783 1737 870 1818 leges
891 1738 1082 1819 perceperit,
1104 1742 1137 1802 et
1150 1738 1229 1820 quid
1240 1739 1281 1803 de
1293 1757 1423 1822 quoque

254 1838 464 1904 iudicandum
495 1840 556 1920 sit,
588 1842 749 1922 exegerit,
781 1841 842 1905 nisi
874 1861 926 1906 res
949 1842 1127 1907 adrerum
1148 1843 1319 1926 redegerit.
1352 1844 1426 1909 Non

254 1939 410 2026 contingit
448 1945 684 2027 tranquillitas,
723 1945 785 2010 nisi
816 1946 1019 2012 immutabile
1051 1950 1240 2030 certumque
1270 1948 1424 2015 iudicium

256 2050 402 2133 adeptis:
425 2050 523 2115 ceteri
544 2050 699 2115 decidunt
719 2051 867 2132 subinde,
889 2055 922 2117 et
931 2056 1143 2134 reponuntur,
1166 2049 1425 2122 eti‘nteromissa

255 2156 465 2239 appetituque
497 2155 630 2220 alternis
661 2156 868 2223 fluctuantur.
907 2157 1014 2222 Causa
1035 2157 1131 2224 huius
1152 2159 1334 2224 iactationis
1356 2162 1424 2240 est,

257 2262 346 2345 quod
367 2261 447 2326 nihil
467 2260 568 2344 liquet
588 2260 802 2326 incertissimo
824 2261 980 2344 regimine
1002 2263 1187 2344 utentibus,
1209 2264 1307 2331 lama.
1328 2264 1423 2330 Siris

258 2367 375 2434 eadem
396 2385 526 2447 semper
546 2366 648 2446 velle,
670 2385 749 2432 vera
769 2355 899 2448 oportet
918 2367 1007 2433 velis.
1040 2367 1427 2436 Advcrumsinedcrrctir

260 2494 324 2538 uon
343 2471 540 2556 pervenitur,
563 2473 719 2536 continent
739 2473 853 2537 uitum'’
875 2471 963 2549 (Son.
985 2492 1035 2555 ep.
1056 2473 1126 2549 95),

221 2644 223 2648 ,
301 2577 485 2656 ,Quantum
506 2576 653 2641 utilitatis
675 2596 790 2641 manus
802 2577 957 2659 habeant,
979 2578 1103 2644 nescire
1113 2579 1192 2643 nulli
1202 2579 1295 2644 licet:
1314 2582 1427 2663 aparte

256 2683 389 2747 iuvant:
412 2701 485 2760 cor,
508 2681 671 2765 illudque
694 2700 810 2746 manus
830 2682 964 2762 vivunt,
987 2703 1026 2748 ex
1036 2704 1101 2767 quo
1112 2685 1271 2767 impetum
1282 2687 1426 2765 sumunt,

255 2807 320 2870 quo
342 2790 534 2868 moventur,
555 2786 643 2851 latet.
676 2787 765 2852 ldem
786 2788 893 2853 dicere
904 2789 945 2852 de
956 2789 1138 2870 praeceptis
1150 2808 1298 2872 possum:
1311 2794 1426 2872 aperta

256 2895 351 2958 sunt:
384 2893 515 2958 decreta
546 2911 623 2956 vero
656 2892 836 2975 sapientiae
864 2893 898 2957 in
920 2894 1042 2958 abdito.
1076 2894 1165 2959 Sicut
1186 2896 1350 2961 sanctiora
1372 2916 1426 2962 sa·

178 2992 181 2996 ’
255 3017 383 3063 crorum
404 3001 533 3077 tantum
555 2997 674 3062 initiati
693 2997 807 3076 sciunt,
829 2998 875 3063 ita
895 2998 929 3062 in
950 2998 1157 3081 philosophia
1171 3000 1427 3068 arcanaillaad·

257 3103 363 3167 missis
394 3103 596 3185 receptisque
617 3101 649 3166 in
671 3121 765 3167 sacra
786 3098 1018 3169 ostenduntur:
1040 3107 1074 3168 at
1095 3108 1289 3186 praecepta,
1311 3109 1344 3171 et
1365 3106 1428 3172 alia

257 3207 464 3284 huiusmodi,
486 3206 632 3287 profanis
652 3226 783 3290 quoque
807 3210 886 3273 nota
907 3209 1003 3272 sunt’'
1025 3207 1112 3288 (San.
1136 3228 1186 3290 ep.
1202 3210 1265 3288 95).

296 3312 415 3376 Versus
436 3311 475 3375 66
496 3330 566 3393 sqq.
587 3330 654 3375 non
674 3311 769 3377 valde
790 3313 977 3395 perspicuos
999 3333 1069 3379 esse
1089 3314 1155 3378 iam
1167 3313 1242 3380 dixi.
1265 3315 1351 3393 Quot
1367 3316 1427 3383 viri

256 3416 342 3482 docti
364 3434 419 3481 eos
439 3415 644 3498 interpretati
664 3419 750 3497 sunt,
771 3417 909 3482 totidem
929 3419 1116 3496 sententiae⁴
1132 3419 1333 3501 prodierunt.
1358 3422 1426 3489 Ha-

255 3541 329 3587 rum
347 3520 494 3587 omnium
515 3520 595 3585 mihi
615 3520 757 3586 maxime
779 3523 894 3603 placet,
916 3542 1016 3605 quam
1027 3523 1302 3607 Knickenbergius
1315 3526 1427 3607 affert3

256 3628 314 3693 sed
344 3646 386 3692 ne
416 3626 491 3691 huic
517 3625 649 3708 quidem
671 3627 768 3707 plane
790 3628 959 3695 assentior.
990 3630 1089 3710 Ecce,
1112 3627 1197 3712 quae
1218 3631 1349 3698 Persius
1370 3652 1427 3698 vo-

256 3733 353 3799 luisse
374 3731 481 3796 dicere
503 3730 584 3795 mihi
604 3731 747 3797 videtur:

297 3836 416 3902 Discite
434 3837 488 3900 io!
508 3836 637 3901 miseri:
667 3836 808 3903 Omnem
828 3856 982 3920 operam,
1004 3856 1101 3906 omne
1122 3841 1265 3907 studium
1286 3841 1374 3924 figite
1394 3842 1429 3908 in

256 3941 482 4025 philosophia,
504 3943 544 4007 ot
566 3941 665 4008 stulti.
875 4030 885 4040 ἱ

299 4048 419 4114 (lausus
440 4050 609 4132 coquosctte
628 4069 758 4114 rerum:
782 4048 852 4115 Duo
874 4069 984 4116 rerum
1005 4054 1081 4116 sunt
1102 4051 1280 4134 principia:
1302 4053 1383 4120 deus
1395 4057 1427 4120 et

257 4152 396 4220 materia
416 4153 465 4229 (cf.
488 4173 560 4235 pag.
585 4154 672 4219 1311.
695 4153 750 4236 d).

297 4257 484 4325 Lucretius:
506 4259 574 4324 lam
595 4258 654 4323 tibi
675 4259 716 4324 de
736 4278 866 4326 summa
887 4261 984 4336 caeli,
1006 4261 1152 4341 ratione,
1174 4261 1337 4348 deumque

498 4363 663 4432 Disserere
683 4363 836 4451 incipiam
858 4370 891 4435 et
911 4386 1021 4435 rerum
1042 4367 1221 4453 primordia
1242 4370 1396 4452 pandam.
