3382 5056
847 497 888 560 49

284 675 507 754 difficultateS,
532 692 633 755 quum
656 693 698 739 ne
719 675 846 755 Lipsius
867 675 999 757 quidem
1021 675 1176 756 dogmata
1197 671 1254 737 fati
1276 675 1308 736 et
1330 669 1454 735 arbitrii

283 779 376 843 liberi
395 780 474 843 satis
496 779 682 844 enucteasse
704 779 785 843 mihi
805 779 974 854 videatur,
1008 799 1101 844 ame
1123 780 1166 843 ad
1186 779 1310 842 bonum
1332 777 1455 840 exitum

283 882 460 949 adductum
481 884 520 947 iri
541 884 679 966 despero
701 884 750 960 (ci
774 884 860 965 Lips
882 885 972 966 phys.
995 884 1049 947 lib.
1074 885 1099 947 1.
1122 882 1198 948 diss.
1222 883 1268 958 14,
1293 883 1350 958 15).

323 988 445 1052 Statuit
468 988 611 1068 Seneca,
632 993 788 1070 utsupra
808 988 968 1052 vidimus:
995 988 1175 1069 cogendam
1196 1005 1267 1051 esse
1288 989 1453 1067 mentem,

283 1096 320 1158 ut
340 1093 473 1174 incipiat
494 1094 625 1158 discere.
658 1092 889 1171 Quaerendum
911 1112 981 1157 esse
1004 1095 1097 1174 puto,
1120 1111 1198 1156 num
1211 1091 1348 1175 quisque
1360 1110 1452 1155 men·

284 1203 351 1263 tem
373 1217 487 1280 cogere
507 1199 623 1263 valeat.

323 1302 395 1369 Hac
425 1304 459 1367 in
487 1323 523 1367 re
554 1303 690 1368 stoicam
721 1302 882 1367 rationem
909 1301 1106 1368 obscuritate
1134 1287 1285 1367 laborare
1308 1300 1454 1383 agnoscit

76 1407 80 1414 ’
152 1433 155 1440 ·
284 1409 466 1474 Tiedeman
486 1408 621 1490 (system
642 1408 700 1472 der
720 1406 893 1472 stoischem
915 1406 992 1488 phil.
1013 1407 1058 1470 th.
1081 1407 1108 1470 3.
1130 1425 1161 1488 p.
1175 1407 1267 1487 top:
1292 1407 1350 1485 ,Es
1368 1405 1455 1470 steht

284 1513 381 1594 v'dllig
405 1514 438 1576 in
459 1530 595 1577 unserer
616 1510 761 1582 Gewalt.
783 1510 977 1592 tugendhatt
999 1530 1039 1574 zu
1060 1511 1195 1575 werden
1214 1511 1301 1584 (Sen.
1323 1530 1372 1593 ep.
1393 1511 1457 1590 41),

285 1618 358 1682 weil
380 1636 414 1681 es
434 1617 499 1698 bey
520 1635 581 1680 uns
602 1615 707 1693 steht,
729 1615 790 1679 alle
815 1615 916 1679 bdsen
939 1614 1456 1696 GedankenundBegierdenaus

286 1722 345 1787 der
376 1721 469 1786 Seele
501 1740 540 1784 zu
573 1719 758 1785 vertreiben
785 1718 954 1799 (Antonin.
986 1719 1064 1783 Viti.
1086 1719 1148 1794 29).
1180 1719 1291 1784 Daher
1312 1738 1402 1783 musz
1424 1738 1458 1783 cs

287 1826 371 1891 auch
402 1825 542 1906 mdglich
574 1845 673 1907 seyn,
704 1825 807 1890 durch
838 1824 977 1906 Uebung
1007 1825 1201 1906 tugendhatt
1232 1845 1284 1892 zu
1303 1824 1457 1904 werden,

285 1931 425 1996 welches
457 1930 541 1995 auch
572 1930 624 1995 die
645 1929 830 2010 Erfahrung
851 1929 1024 2010 bestetigt,
1045 1929 1133 1995 denn
1154 1930 1214 1995 wir
1234 1930 1355 2009 sehen,
1376 1929 1454 1994 dasz

287 2055 346 2100 aus
377 2036 605 2102 Lasterhaften
637 2034 865 2116 Tugendhatte
895 2035 1029 2100 werden
1051 2033 1155 2116 (Diog.
1177 2035 1284 2101 Laert.
1306 2033 1372 2098 vu.
1392 2035 1456 2118 91).

287 2139 399 2205 Dieser
430 2140 535 2205 Lehre
565 2140 654 2204 kann
684 2135 764 2205 man
795 2140 854 2203 mit
883 2139 989 2204 Recht
1010 2140 1074 2205 den
1098 2140 1248 2205 Vorwuri
1266 2140 1324 2205 der
1344 2141 1457 2206 Unbe·

288 2245 481 2311 stimmtheit
510 2245 669 2325 macheu,
702 2243 789 2310 denn
821 2244 910 2309 nicht
941 2245 1112 2324 allemahl,
1142 2249 1240 2311 unter
1255 2246 1355 2328 jeden
1375 2245 1458 2311 Um·

289 2351 449 2430 standen,
470 2351 538 2415 und
555 2350 665 2432 jedem
687 2350 863 2414 Menschen
885 2350 926 2414 ist
936 2369 971 2414 es
983 2350 1078 2431 vdllig
1089 2350 1308 2430 ueheriaszen,
1319 2351 1457 2430 tugend-

286 2454 357 2520 haft
388 2474 427 2519 zu
458 2474 557 2537 seyn,
590 2455 663 2518 weil
694 2454 830 2534 gewisze
862 2453 1106 2536 Conjunkturen
1137 2455 1289 2520 allemahl
1320 2455 1456 2537 gewisze

289 2559 511 2636 Grundsatze,
542 2559 733 2641 Neigungen
764 2559 833 2623 und
863 2558 1161 2640 Denkungs·Arten
1187 2559 1454 2640 hervorbringen,

285 2665 338 2730 die
361 2663 429 2729 sich
450 2663 554 2728 seiten
575 2663 635 2728 mit
656 2662 714 2728 der
735 2662 997 2727 volllrommenen
1018 2663 1220 2745 Ausuebung
1241 2663 1299 2729 der
1319 2664 1457 2745 Tugend

283 2772 466 2850 vertragen.
497 2769 539 2833 Es
570 2769 661 2834 hatte
690 2769 758 2832 also
779 2787 923 2850 genauer
944 2769 1136 2834 untersucht
1156 2769 1291 2834 werden
1310 2773 1455 2849 miiszen,

283 2876 325 2939 ob
356 2874 416 2937 wir
437 2874 590 2938 allemahl
609 2873 655 2937 im
676 2872 800 2937 §tande
820 2873 910 2953 sind,
939 2892 1001 2937 uns
1023 2873 1075 2938 die
1097 2872 1236 2955 Tugend
1260 2892 1296 2938 so
1318 2874 1456 2939 liebens·

283 2978 409 3059 wdrdig
429 2979 664 3057 vorzustelten,
686 2977 733 3043 als
754 2977 813 3042 wir
837 2997 871 3042 es
893 2979 975 3043 thun
996 2983 1148 3058 miiszen,
1178 2999 1234 3044 um
1256 2978 1341 3043 nach
1362 2977 1456 3042 ihren

283 3085 408 3148 Besitze
429 3103 469 3148 zu
490 3084 640 3162 strehen,
662 3083 730 3147 und
753 3082 788 3147 ob
808 3083 867 3147 wir
889 3082 1035 3149 ollcmohl
1056 3085 1101 3149 im
1119 3081 1456 3165 sturnitationem

282 3195 376 3274 puteo
398 3187 601 3254 Entscdldszo
622 3187 871 3267 ouszusdhren?

323 3293 478 3358 Attamen
511 3293 582 3357 dira
614 3293 647 3357 in
678 3296 835 3374 tyrannos
868 3293 1059 3375 imprecatio
1091 3293 1247 3358 orationis
1268 3295 1456 3358 contextum

283 3399 416 3464 turbare
437 3397 517 3462 mihi
537 3416 604 3462 non
624 3397 762 3477 videtur,
783 3398 810 3462 si
828 3402 961 3479 poetam
981 3398 1027 3462 sic
1047 3398 1225 3480 intelligere
1246 3399 1326 3464 mihi
1346 3398 1457 3464 liceat:

285 3505 335 3569 Tu
366 3505 405 3567 o!
437 3504 554 3582 stulte,
584 3503 686 3567 vitam
719 3487 808 3582 degis
839 3505 908 3568 tarn
941 3507 1090 3585 turpem,
1123 3523 1223 3584 quam
1254 3502 1362 3568 Natta.
1395 3502 1456 3568 Hic

283 3611 395 3671 tamen
417 3625 484 3671 non
504 3606 538 3671 in
560 3607 654 3687 culpa
675 3610 733 3671 est.
766 3608 808 3672 Es
844 3626 977 3688 eorum,
1000 3607 1055 3689 qui
1076 3608 1273 3672 nullomodo
1284 3609 1327 3673 ad
1338 3625 1455 3672 sanam

284 3715 428 3777 mentem
466 3711 573 3776 redire
611 3730 706 3792 posse
737 3712 912 3778 videantur
941 3712 993 3793 (cf.
1025 3731 1096 3794 pag.
1129 3712 1170 3776 45
1201 3715 1235 3776 et
1264 3713 1304 3776 48
1334 3712 1366 3777 h.
1398 3713 1453 3790 d).

283 3817 413 3899 ignorat
433 3817 529 3898 igitur
546 3817 699 3882 virtutem
718 3817 851 3900 eiusque
863 3818 1013 3898 pretium,
1033 3817 1115 3906 sicut
1126 3836 1193 3881 non
1204 3818 1293 3883 videt
1302 3837 1363 3883 sua
1373 3817 1453 3883 vitia

283 3941 344 3987 nec
365 3922 506 3987 dedecus
526 3924 626 4004 atque
647 3921 903 4003 turpitudinem,
932 3921 1049 4005 quibus
1071 3921 1219 3987 afficitur.
1250 3921 1343 3987 Nunc
1363 3922 1454 3986 venit

285 4029 402 4109 poetae
423 4027 457 4091 in
478 4029 623 4091 mentem
645 4026 770 4091 iuvenis
791 4028 895 4102 illius,
916 4027 971 4110 qui
993 4046 1121 4092 summo
1146 4027 1275 4108 ingenio
1286 4026 1454 4110 praeditus

286 4135 319 4195 et
359 4130 485 4208 Seneca
516 4131 641 4212 optimo
672 4131 866 4213 philosopho
897 4132 1052 4214 magistro
1084 4151 1161 4196 usus
1188 4133 1239 4197 vel
1271 4133 1456 4198 dissolutius

286 4255 386 4319 quam
407 4237 526 4315 Natta,
548 4236 653 4318 quivis
675 4237 812 4314 nebulo,
832 4237 973 4302 vivebat.
1003 4238 1048 4301 Ut
1068 4236 1184 4302 stultus
1205 4240 1316 4302 noster
1328 4242 1360 4302 et
1371 4238 1460 4303 Nero
