3382 5056
816 474 856 539 66

247 652 412 719 medicus:
444 653 573 735 quiesce
604 653 703 718 modo
735 653 781 718 mi
802 653 869 734 fili,
895 672 990 731 ,nam
1011 653 1103 719 initia
1122 653 1313 720 morborum
1334 653 1426 736 quies

248 759 359 823 curat’
392 757 479 835 (Sen.
513 759 553 823 de
582 758 632 824 ira
653 758 704 824 lll.
726 759 787 835 39).
819 759 906 824 Ante
927 759 1038 824 omnia
1058 759 1131 824 vive
1151 758 1328 840 frugaliter.
1359 759 1426 824 Sed

246 862 318 942 ille,
340 866 515 946 postquam
538 866 604 929 tres
626 863 677 928 vel
699 865 855 946 quattuor
876 864 944 928 dies
964 865 1081 930 medici
1104 865 1189 929 dicto
1209 864 1425 944 audienstuit,

248 970 281 1033 et
310 968 396 1033 hanc
428 969 470 1032 ob
504 987 573 1033 rem
605 968 707 1033 multo
740 968 854 1033 melius
886 989 921 1033 se
946 969 1066 1048 habet,
1088 969 1130 1033 ab
1153 969 1258 1034 amico
1279 970 1425 1052 quodam

248 1072 363 1137 ditiore
393 1072 561 1138 vasculum
592 1073 660 1137 vini
689 1074 809 1138 veteris
841 1093 880 1139 ac
911 1073 1060 1156 exquisiti
1093 1073 1194 1156 petit,
1238 1077 1270 1139 et
1298 1074 1424 1139 balneis

249 1177 360 1242 utitur.
382 1177 456 1255 Quo
468 1176 659 1242 factovalde
670 1180 792 1260 peccat,
815 1197 892 1242 nam
910 1178 1426 1243 convalescentibusinterdictum

248 1285 306 1360 est,
326 1301 369 1347 ne
390 1284 525 1348 utantur
545 1281 622 1346 vino
644 1284 676 1347 et
697 1281 926 1347 lavationibus.
948 1281 1073 1346 Medico
1085 1281 1238 1346 reuisenti
1253 1285 1285 1347 et
1296 1282 1425 1364 dicenti,

247 1387 400 1452 morbum
422 1386 569 1451 nondum
590 1389 744 1451 sanatum
767 1406 857 1466 esse,
879 1386 1078 1469 quinetiam
1100 1387 1289 1464 invaluisse,
1312 1406 1425 1468 aeger,

247 1491 304 1574 qui
324 1492 390 1555 imo
413 1494 544 1573 pectore
566 1491 681 1572 culpae
701 1491 762 1555 sibi
784 1491 931 1556 conscius
953 1493 1021 1571 est,
1043 1491 1220 1572 respondet
1240 1491 1301 1556 sibi
1322 1493 1430 1558 multo

247 1596 363 1661 melius
385 1617 475 1676 esse,
501 1616 601 1679 quum
624 1617 699 1662 eum
720 1597 843 1678 pudeat
864 1596 1029 1674 confiteri,
1051 1616 1086 1660 se
1107 1597 1272 1677 relapsum
1297 1617 1368 1663 esse
1382 1598 1425 1663 ad

246 1700 349 1767 vitam
380 1703 608 1785 voluptariam.
641 1703 752 1784 Pergit
770 1705 887 1766 'tamen
909 1701 1054 1766 medicus
1077 1701 1278 1783 interrogare
1301 1723 1425 1770 causas

247 1806 399 1872 Tandem
420 1807 518 1872 miser
538 1807 591 1871 ille
612 1808 836 1872 stomachatur
859 1809 894 1870 et
913 1805 1058 1870 convicia
1079 1805 1113 1869 in
1123 1807 1285 1872 medicum
1298 1808 1425 1890 ingerit,

250 1912 306 1994 qui
326 1912 406 1978 nihil
427 1912 604 1993 respondet
625 1912 685 1976 nisi
704 1930 838 1992 ,perge,
860 1911 1006 1990 laeebo'’,
1029 1913 1061 1975 et
1081 1910 1171 1976 illum
1194 1912 1310 1977 eodem
1327 1912 1425 1978 modo

249 2017 370 2093 habet,
404 2035 468 2098 quo
500 2016 630 2098 sapiens
662 2015 806 2081 stultum.
840 2015 935 2094 ,Quis
964 2014 1050 2080 enim
1071 2015 1260 2096 phrenetico
1281 2017 1425 2082 medicus

250 2122 445 2187 irasciturt”
467 2121 556 2201 (Sen.
578 2121 619 2186 de
641 2121 690 2186 ira
711 2121 733 2185 Ι.
758 2121 808 2200 14)

291 2226 389 2308 „Quis
420 2226 607 2292 febricantis
635 2229 667 2291 et
696 2245 717 2291 a
738 2225 854 2308 frigida
873 2225 1029 2306 prohibiti
1050 2225 1224 2292 maledicta
1244 2226 1279 2292 in
1299 2228 1422 2293 malam

249 2334 378 2415 partem
400 2330 542 2412 accipit?
573 2331 668 2395 Hunc
690 2331 842 2395 affectum
864 2330 1020 2394 adversus
1042 2349 1156 2395 omnes
1170 2331 1272 2396 habet
1282 2332 1421 2414 sapiens,

251 2454 350 2517 quem
371 2437 527 2501 adversus
549 2454 663 2517 aegros
685 2455 760 2500 suos
770 2435 916 2500 medicus
928 2438 979 2499 cet
991 2484 998 2500 .
1011 2481 1017 2496 .
1031 2479 1059 2499 ..
1080 2435 1148 2500 Scit
1157 2436 1297 2518 sapiens,
1309 2455 1423 2502 omnes

249 2542 330 2617 hm,
361 2541 417 2623 qui
448 2541 549 2622 togati
580 2540 814 2622 purpuratique
835 2539 1009 2618 incedunt,
1030 2540 1177 2604 valentes
1198 2541 1422 2624 coloratosque

251 2646 338 2710 male
368 2663 466 2708 sanos
494 2663 583 2708 esse:
615 2662 696 2726 quos
718 2662 784 2708 non
806 2643 899 2707 aliter
919 2643 1024 2723 videt,
1046 2662 1146 2726 quam
1168 2663 1283 2726 aegros
1304 2646 1422 2711 intem·

253 2753 415 2832 perantes
446 2748 560 2831 ltaque
581 2767 623 2813 ne
644 2751 811 2812 succenset
832 2747 974 2830 quidem,
996 2748 1023 2812 si
1045 2748 1123 2830 quid
1144 2747 1179 2813 in
1198 2749 1315 2814 morbo
1327 2755 1422 2832 petu-

252 2846 372 2921 lantius
403 2853 474 2919 ausi
501 2856 578 2919 sunt
607 2853 763 2919 adversus
784 2852 990 2946 medentem,
1012 2857 1045 2918 et
1065 2872 1129 2937 quo
1151 2853 1261 2918 animo
1282 2855 1424 2922 honores

252 2981 362 3027 eorum
396 2959 497 3025 nihilo
528 2959 695 3040 aestimat,
729 2958 844 3024 eodem
871 2978 990 3040 parum
1010 2959 1188 3025 honorifice
1209 2959 1314 3042 facta'’
1335 2961 1423 3037 (Seu.

251 3067 293 3132 de
314 3070 414 3131 const.
436 3085 506 3147 sap.
528 3066 587 3140 13).

292 3171 402 3253 Surgit
432 3170 529 3252 igitur
558 3169 704 3235 medicus
736 3171 769 3234 et
801 3188 935 3250 aegrum
965 3169 1070 3234 solum
1103 3169 1265 3252 relinquit.
1308 3169 1424 3235 Hicin

255 3278 384 3341 turbam
405 3276 612 3355 voluptatum
632 3274 750 3339 deinde
771 3293 806 3338 se
827 3273 1014 3354 inminens,
1034 3293 1112 3338 mox
1133 3293 1213 3339 suae
1232 3274 1290 3339 dat
1300 3292 1423 3356 poenas
1486 3329 1488 3334 .

252 3380 533 3463 intemperantiae
565 3380 651 3445 Turn
672 3378 807 3444 veniunt
828 3378 940 3456 amici,
962 3381 995 3443 et
1014 3378 1132 3443 merita
1143 3379 1264 3443 mortui
1277 3378 1423 3458 laudant,

252 3507 350 3568 quem
380 3487 402 3550 ii
432 3486 554 3550 beatum
584 3485 793 3565 praedicant,
825 3484 956 3548 Persius
988 3484 1109 3548 ironice
1140 3483 1297 3548 beatarum
1317 3487 1422 3547 vocat.

249 3590 360 3670 Pergit
390 3594 508 3673 poeta:
539 3591 625 3655 cives
656 3590 803 3663 romani,
843 3591 941 3669 paulo
964 3592 1041 3655 ante
1064 3589 1148 3654 servi
1171 3589 1229 3654 sed
1251 3607 1271 3654 a
1291 3565 1422 3653 beatulo

251 3695 402 3760 libertate
423 3695 553 3775 donati,
575 3695 743 3760 beatulurn
764 3714 888 3777 pompa
909 3715 947 3759 ac
967 3694 1175 3759 solemnitate
1194 3693 1420 3775 sepeliverunt.

252 3801 344 3879 Quae
375 3821 426 3866 res
458 3802 558 3866 stoico
589 3801 659 3865 viro
692 3801 788 3880 plane
819 3800 956 3881 perinde
978 3801 1045 3876 est;
1067 3800 1249 3881 praeferet,
1269 3798 1296 3861 si
1317 3798 1423 3880 legere

252 3906 368 3985 datur,
392 3907 561 3989 exsequias
581 3906 651 3971 sine
673 3924 853 3986 praecone,
878 3905 1091 3985 imaginibuS,
1113 3903 1219 3982 ludis,
1241 3922 1365 3984 pompa
1386 3920 1424 3966 ac

252 4010 360 4093 siquid
381 3998 445 4076 tale
467 4015 535 4090 est,
566 4029 645 4074 nam
667 4010 774 4074 minus
796 4010 1019 4074 molestiarum
1040 4008 1142 4073 habet
1163 4008 1259 4073 funus
1280 4007 1424 4086 tacitum,

253 4118 290 4180 ut
322 4116 368 4181 ait
398 4115 523 4181 Seneca
553 4115 608 4194 (de
639 4119 747 4196 tranq.
780 4134 832 4179 an.
857 4113 897 4195 1),
920 4114 974 4196 qui
997 4114 1085 4179 idem
1107 4116 1239 4179 auctor:
1265 4112 1422 4191 „Quidam

253 4221 430 4302 disponunt
461 4221 559 4286 etiam
591 4221 664 4301 illa,
695 4240 781 4302 quae
812 4221 898 4285 ultra
924 4221 1024 4285 vitam
1046 4223 1141 4301 sunt,
1163 4220 1265 4284 moles
1288 4237 1423 4299 magnas

256 4326 478 4409 sepulcrorum
501 4328 534 4392 et
554 4344 691 4408 operum
711 4325 913 4408 publicorum
934 4325 1172 4405 dedicationem
1194 4327 1226 4390 et
1243 4324 1422 4405 adrogum,
