<?xml version="1.0" encoding="UTF-8"?>
<!DOCTYPE html PUBLIC "-//W3C//DTD XHTML 1.0 Transitional//EN"
    "http://www.w3.org/TR/xhtml1/DTD/xhtml1-transitional.dtd">
<html xmlns="http://www.w3.org/1999/xhtml" xml:lang="en" lang="en">
 <head>
  <title>
</title>
<meta http-equiv="Content-Type" content="text/html;charset=utf-8" />
  <meta name='ocr-system' content='tesseract 3.04.00' />
  <meta name='ocr-capabilities' content='ocr_page ocr_carea ocr_par ocr_line ocrx_word'/>
</head>
<body>
  <div class='ocr_page' id='page_1' title='image "./derationestoica00houcgoog_0092.png"; bbox 0 0 3382 5056; ppageno 0'>
   <div class='ocr_carea' id='block_1_1' title="bbox 821 547 859 612">
    <p class='ocr_par' dir='ltr' id='par_1_1' title="bbox 821 547 859 612">
     <span class='ocr_line' id='line_1_1' title="bbox 821 547 859 612; baseline 0 0"><span class='ocrx_word' id='word_1_1' title='bbox 821 547 859 612; x_wconf 89' lang='grc'>73</span> 
     </span>
    </p>
   </div>
   <div class='ocr_carea' id='block_1_2' title="bbox 248 723 1419 1439">
    <p class='ocr_par' dir='ltr' id='par_1_2' title="bbox 248 723 1419 1333">
     <span class='ocr_line' id='line_1_2' title="bbox 287 723 1419 808; baseline -0.003 -17"><span class='ocrx_word' id='word_1_2' title='bbox 287 725 322 791; x_wconf 86' lang='lat' dir='ltr'>Si</span> <span class='ocrx_word' id='word_1_3' title='bbox 351 725 414 791; x_wconf 92' lang='lat' dir='ltr'>hoc</span> <span class='ocrx_word' id='word_1_4' title='bbox 446 724 578 806; x_wconf 75' lang='lat' dir='ltr'>feceriS,</span> <span class='ocrx_word' id='word_1_5' title='bbox 609 724 780 807; x_wconf 87' lang='lat' dir='ltr'>pervenies</span> <span class='ocrx_word' id='word_1_6' title='bbox 812 725 855 792; x_wconf 89' lang='lat' dir='ltr'>ad</span> <span class='ocrx_word' id='word_1_7' title='bbox 876 724 1091 808; x_wconf 89' lang='lat' dir='ltr'>sapientiam,</span> <span class='ocrx_word' id='word_1_8' title='bbox 1113 725 1158 791; x_wconf 88' lang='lat' dir='ltr'>ad</span> <span class='ocrx_word' id='word_1_9' title='bbox 1180 725 1353 804; x_wconf 89' lang='lat' dir='ltr'>virtutem,</span> <span class='ocrx_word' id='word_1_10' title='bbox 1375 723 1419 788; x_wconf 92' lang='lat' dir='ltr'>ad</span> 
     </span>
     <span class='ocr_line' id='line_1_3' title="bbox 248 828 1418 913; baseline -0.003 -17"><span class='ocrx_word' id='word_1_11' title='bbox 248 830 356 896; x_wconf 90' lang='lat' dir='ltr'>deum.</span> <span class='ocrx_word' id='word_1_12' title='bbox 397 829 547 910; x_wconf 81' lang='lat' dir='ltr'>Videbis,</span> <span class='ocrx_word' id='word_1_13' title='bbox 579 850 678 912; x_wconf 92' lang='lat' dir='ltr'>quam</span> <span class='ocrx_word' id='word_1_14' title='bbox 699 831 810 913; x_wconf 90' lang='lat' dir='ltr'>procul</span> <span class='ocrx_word' id='word_1_15' title='bbox 832 849 853 897; x_wconf 89' lang='lat' dir='ltr'>a</span> <span class='ocrx_word' id='word_1_16' title='bbox 872 830 994 896; x_wconf 89' lang='lat' dir='ltr'>virtute</span> <span class='ocrx_word' id='word_1_17' title='bbox 1015 829 1121 908; x_wconf 80' lang='lat' dir='ltr'>absis:</span> <span class='ocrx_word' id='word_1_18' title='bbox 1144 849 1317 912; x_wconf 83' lang='lat' dir='ltr'>cognosces</span> <span class='ocrx_word' id='word_1_19' title='bbox 1338 828 1418 894; x_wconf 89' lang='lat' dir='ltr'>vitia</span> 
     </span>
     <span class='ocr_line' id='line_1_4' title="bbox 249 934 1419 1018; baseline -0.001 -19"><span class='ocrx_word' id='word_1_20' title='bbox 249 937 307 999; x_wconf 92' lang='lat' dir='ltr'>tua</span> <span class='ocrx_word' id='word_1_21' title='bbox 338 937 370 999; x_wconf 92' lang='lat' dir='ltr'>et</span> <span class='ocrx_word' id='word_1_22' title='bbox 400 937 433 999; x_wconf 92' lang='lat' dir='ltr'>te</span> <span class='ocrx_word' id='word_1_23' title='bbox 464 935 554 1012; x_wconf 89' lang='lat' dir='ltr'>aliis,</span> <span class='ocrx_word' id='word_1_24' title='bbox 584 953 666 1017; x_wconf 92' lang='lat' dir='ltr'>quos</span> <span class='ocrx_word' id='word_1_25' title='bbox 695 954 794 1017; x_wconf 87' lang='lat' dir='ltr'>saepe</span> <span class='ocrx_word' id='word_1_26' title='bbox 825 936 1027 1018; x_wconf 76' lang='lat' dir='ltr'>vituperasti,</span> <span class='ocrx_word' id='word_1_27' title='bbox 1058 954 1125 1000; x_wconf 94' lang='lat' dir='ltr'>non</span> <span class='ocrx_word' id='word_1_28' title='bbox 1159 934 1327 1000; x_wconf 89' lang='lat' dir='ltr'>meliorem</span> <span class='ocrx_word' id='word_1_29' title='bbox 1349 953 1419 998; x_wconf 88' lang='lat' dir='ltr'>esse</span> 
     </span>
     <span class='ocr_line' id='line_1_5' title="bbox 249 1037 1417 1123; baseline -0.002 -19"><span class='ocrx_word' id='word_1_30' title='bbox 249 1057 414 1120; x_wconf 77' lang='lat' dir='ltr'>agnosces</span> <span class='ocrx_word' id='word_1_31' title='bbox 434 1040 528 1104; x_wconf 90' lang='lat' dir='ltr'>Nunc</span> <span class='ocrx_word' id='word_1_32' title='bbox 549 1039 674 1122; x_wconf 89' lang='lat' dir='ltr'>agimus</span> <span class='ocrx_word' id='word_1_33' title='bbox 695 1040 886 1123; x_wconf 89' lang='lat' dir='ltr'>plerumque</span> <span class='ocrx_word' id='word_1_34' title='bbox 906 1044 944 1106; x_wconf 92' lang='lat' dir='ltr'>ut</span> <span class='ocrx_word' id='word_1_35' title='bbox 964 1041 1133 1106; x_wconf 88' lang='lat' dir='ltr'>simulator</span> <span class='ocrx_word' id='word_1_36' title='bbox 1152 1040 1224 1120; x_wconf 91' lang='lat' dir='ltr'>ille,</span> <span class='ocrx_word' id='word_1_37' title='bbox 1246 1038 1302 1122; x_wconf 90' lang='lat' dir='ltr'>qui</span> <span class='ocrx_word' id='word_1_38' title='bbox 1323 1037 1417 1103; x_wconf 90' lang='lat' dir='ltr'>dicit:</span> 
     </span>
     <span class='ocr_line' id='line_1_6' title="bbox 251 1141 1419 1227; baseline 0.005 -23"><span class='ocrx_word' id='word_1_39' title='bbox 251 1144 387 1225; x_wconf 71' lang='lat' dir='ltr'>,ddehpa</span> <span class='ocrx_word' id='word_1_40' title='bbox 410 1143 482 1226; x_wconf 77' lang='grc' dir='ltr'><em>ἄφες</em></span> <span class='ocrx_word' id='word_1_41' title='bbox 503 1141 626 1220; x_wconf 75' lang='grc' dir='ltr'><em>ἐκβάλω</em></span> <span class='ocrx_word' id='word_1_42' title='bbox 647 1143 682 1205; x_wconf 81' lang='grc' dir='ltr'>τὸ</span> <span class='ocrx_word' id='word_1_43' title='bbox 703 1147 813 1227; x_wconf 74' lang='grc' dir='ltr'><em>κάρφος</em></span> <span class='ocrx_word' id='word_1_44' title='bbox 823 1143 858 1206; x_wconf 80' lang='grc' dir='ltr'>τὸ</span> <span class='ocrx_word' id='word_1_45' title='bbox 870 1143 898 1206; x_wconf 82' lang='grc' dir='ltr'>ἓν</span> <span class='ocrx_word' id='word_1_46' title='bbox 909 1153 952 1226; x_wconf 78' lang='grc' dir='ltr'>τῷ</span> <span class='ocrx_word' id='word_1_47' title='bbox 964 1143 1115 1227; x_wconf 67' lang='grc' dir='ltr'>ὀφθαλμῷ</span> <span class='ocrx_word' id='word_1_48' title='bbox 1126 1147 1208 1226; x_wconf 57' lang='lat' dir='ltr'>aad,</span> <span class='ocrx_word' id='word_1_49' title='bbox 1227 1164 1295 1210; x_wconf 89' lang='lat' dir='ltr'>non</span> <span class='ocrx_word' id='word_1_50' title='bbox 1304 1144 1419 1210; x_wconf 89' lang='lat' dir='ltr'>videns</span> 
     </span>
     <span class='ocr_line' id='line_1_7' title="bbox 248 1249 755 1333; baseline -0.002 -18"><span class='ocrx_word' id='word_1_51' title='bbox 248 1249 376 1315; x_wconf 87' lang='lat' dir='ltr'>trabem</span> <span class='ocrx_word' id='word_1_52' title='bbox 397 1249 431 1314; x_wconf 93' lang='lat' dir='ltr'>in</span> <span class='ocrx_word' id='word_1_53' title='bbox 452 1268 511 1314; x_wconf 92' lang='lat' dir='ltr'>suo</span> <span class='ocrx_word' id='word_1_54' title='bbox 532 1250 633 1333; x_wconf 89' lang='lat' dir='ltr'>ipsius</span> <span class='ocrx_word' id='word_1_55' title='bbox 654 1251 755 1316; x_wconf 92' lang='lat' dir='ltr'>oculo.</span> 
     </span>
    </p>

    <p class='ocr_par' dir='ltr' id='par_1_3' title="bbox 287 1353 1418 1439">
     <span class='ocr_line' id='line_1_8' title="bbox 287 1353 1418 1439; baseline 0.002 -21"><span class='ocrx_word' id='word_1_56' title='bbox 287 1353 340 1418; x_wconf 80' lang='lat' dir='ltr'>Vs,</span> <span class='ocrx_word' id='word_1_57' title='bbox 361 1353 400 1418; x_wconf 85' lang='grc'>43</span> <span class='ocrx_word' id='word_1_58' title='bbox 421 1373 490 1436; x_wconf 88' lang='lat' dir='ltr'>sqq.</span> <span class='ocrx_word' id='word_1_59' title='bbox 513 1354 566 1419; x_wconf 89' lang='lat' dir='ltr'>Sic</span> <span class='ocrx_word' id='word_1_60' title='bbox 576 1373 636 1419; x_wconf 91' lang='lat' dir='ltr'>nos</span> <span class='ocrx_word' id='word_1_61' title='bbox 647 1354 794 1437; x_wconf 89' lang='lat' dir='ltr'>degimus</span> <span class='ocrx_word' id='word_1_62' title='bbox 805 1356 929 1422; x_wconf 88' lang='lat' dir='ltr'>vitam:</span> <span class='ocrx_word' id='word_1_63' title='bbox 951 1357 1174 1439; x_wconf 89' lang='lat' dir='ltr'>vituperantes</span> <span class='ocrx_word' id='word_1_64' title='bbox 1184 1355 1418 1438; x_wconf 86' lang='lat' dir='ltr'>vituperamur.</span> 
     </span>
    </p>
   </div>
   <div class='ocr_carea' id='block_1_3' title="bbox 249 1561 1428 4494">
    <p class='ocr_par' dir='ltr' id='par_1_4' title="bbox 249 1561 1423 1753">
     <span class='ocr_line' id='line_1_9' title="bbox 249 1561 1423 1648; baseline 0 -20"><span class='ocrx_word' id='word_1_65' title='bbox 249 1561 371 1646; x_wconf 80' lang='lat' dir='ltr'>Optimi</span> <span class='ocrx_word' id='word_1_66' title='bbox 392 1563 494 1629; x_wconf 88' lang='lat' dir='ltr'>videri</span> <span class='ocrx_word' id='word_1_67' title='bbox 513 1565 683 1646; x_wconf 90' lang='lat' dir='ltr'>volumus,</span> <span class='ocrx_word' id='word_1_68' title='bbox 708 1565 788 1647; x_wconf 93' lang='lat' dir='ltr'>quin</span> <span class='ocrx_word' id='word_1_69' title='bbox 811 1565 909 1632; x_wconf 89' lang='lat' dir='ltr'>etiarn</span> <span class='ocrx_word' id='word_1_70' title='bbox 931 1585 1179 1648; x_wconf 86' lang='lat' dir='ltr'>nonnumquam</span> <span class='ocrx_word' id='word_1_71' title='bbox 1201 1584 1260 1630; x_wconf 92' lang='lat' dir='ltr'>nos</span> <span class='ocrx_word' id='word_1_72' title='bbox 1282 1563 1423 1647; x_wconf 90' lang='lat' dir='ltr'>optimos</span> 
     </span>
     <span class='ocr_line' id='line_1_10' title="bbox 249 1668 1420 1753; baseline 0.001 -20"><span class='ocrx_word' id='word_1_73' title='bbox 249 1668 428 1748; x_wconf 74' lang='lat' dir='ltr'>credimus,</span> <span class='ocrx_word' id='word_1_74' title='bbox 449 1670 508 1735; x_wconf 89' lang='lat' dir='ltr'>sed</span> <span class='ocrx_word' id='word_1_75' title='bbox 528 1671 635 1753; x_wconf 90' lang='lat' dir='ltr'>specie</span> <span class='ocrx_word' id='word_1_76' title='bbox 656 1690 788 1752; x_wconf 79' lang='lat' dir='ltr'>sumna,</span> <span class='ocrx_word' id='word_1_77' title='bbox 810 1691 845 1737; x_wconf 89' lang='lat' dir='ltr'>re</span> <span class='ocrx_word' id='word_1_78' title='bbox 865 1692 945 1739; x_wconf 90' lang='lat' dir='ltr'>vera</span> <span class='ocrx_word' id='word_1_79' title='bbox 964 1672 1092 1739; x_wconf 91' lang='lat' dir='ltr'>animus</span> <span class='ocrx_word' id='word_1_80' title='bbox 1112 1671 1197 1736; x_wconf 88' lang='lat' dir='ltr'>vitiis</span> <span class='ocrx_word' id='word_1_81' title='bbox 1210 1670 1348 1735; x_wconf 87' lang='lat' dir='ltr'>refertus</span> <span class='ocrx_word' id='word_1_82' title='bbox 1362 1672 1420 1735; x_wconf 88' lang='lat' dir='ltr'>est.</span> 
     </span>
    </p>

    <p class='ocr_par' dir='ltr' id='par_1_5' title="bbox 250 1773 1425 2382">
     <span class='ocr_line' id='line_1_11' title="bbox 291 1773 1423 1858; baseline 0.002 -20"><span class='ocrx_word' id='word_1_83' title='bbox 291 1773 406 1852; x_wconf 90' lang='lat' dir='ltr'>,Vides</span> <span class='ocrx_word' id='word_1_84' title='bbox 437 1774 527 1839; x_wconf 89' lang='lat' dir='ltr'>illum</span> <span class='ocrx_word' id='word_1_85' title='bbox 559 1775 711 1858; x_wconf 82' lang='lat' dir='ltr'>Scythiae</span> <span class='ocrx_word' id='word_1_86' title='bbox 742 1777 968 1844; x_wconf 85' lang='lat' dir='ltr'>Sarmatiaeve</span> <span class='ocrx_word' id='word_1_87' title='bbox 1000 1797 1130 1858; x_wconf 88' lang='lat' dir='ltr'>regem,</span> <span class='ocrx_word' id='word_1_88' title='bbox 1162 1775 1279 1858; x_wconf 84' lang='lat' dir='ltr'>insigni</span> <span class='ocrx_word' id='word_1_89' title='bbox 1309 1775 1423 1857; x_wconf 89' lang='lat' dir='ltr'>capitis</span> 
     </span>
     <span class='ocr_line' id='line_1_12' title="bbox 251 1878 1424 1965; baseline 0.003 -22"><span class='ocrx_word' id='word_1_90' title='bbox 251 1878 432 1945; x_wconf 77' lang='lat' dir='ltr'>decorum?</span> <span class='ocrx_word' id='word_1_91' title='bbox 463 1879 497 1944; x_wconf 86' lang='lat' dir='ltr'>Si</span> <span class='ocrx_word' id='word_1_92' title='bbox 528 1880 576 1945; x_wconf 92' lang='lat' dir='ltr'>vis</span> <span class='ocrx_word' id='word_1_93' title='bbox 606 1881 697 1946; x_wconf 92' lang='lat' dir='ltr'>illum</span> <span class='ocrx_word' id='word_1_94' title='bbox 729 1883 905 1948; x_wconf 90' lang='lat' dir='ltr'>aestimare</span> <span class='ocrx_word' id='word_1_95' title='bbox 927 1885 1098 1965; x_wconf 87' lang='lat' dir='ltr'>totumque</span> <span class='ocrx_word' id='word_1_96' title='bbox 1119 1881 1221 1961; x_wconf 91' lang='lat' dir='ltr'>scire,</span> <span class='ocrx_word' id='word_1_97' title='bbox 1242 1879 1346 1964; x_wconf 90' lang='lat' dir='ltr'>qualis</span> <span class='ocrx_word' id='word_1_98' title='bbox 1366 1880 1424 1961; x_wconf 92' lang='lat' dir='ltr'>sit,</span> 
     </span>
     <span class='ocr_line' id='line_1_13' title="bbox 250 1983 1424 2068; baseline 0.002 -20"><span class='ocrx_word' id='word_1_99' title='bbox 250 1983 385 2050; x_wconf 86' lang='lat' dir='ltr'>fasciam</span> <span class='ocrx_word' id='word_1_100' title='bbox 405 1985 503 2062; x_wconf 88' lang='lat' dir='ltr'>solve,</span> <span class='ocrx_word' id='word_1_101' title='bbox 524 1985 663 2052; x_wconf 90' lang='lat' dir='ltr'>multum</span> <span class='ocrx_word' id='word_1_102' title='bbox 683 1987 763 2052; x_wconf 90' lang='lat' dir='ltr'>mali</span> <span class='ocrx_word' id='word_1_103' title='bbox 782 1987 842 2052; x_wconf 90' lang='lat' dir='ltr'>sub</span> <span class='ocrx_word' id='word_1_104' title='bbox 862 1987 917 2054; x_wconf 96' lang='lat' dir='ltr'>illa</span> <span class='ocrx_word' id='word_1_105' title='bbox 938 1988 1025 2054; x_wconf 85' lang='lat' dir='ltr'>latet.</span> <span class='ocrx_word' id='word_1_106' title='bbox 1050 1986 1136 2066; x_wconf 83' lang='lat' dir='ltr'>Quid</span> <span class='ocrx_word' id='word_1_107' title='bbox 1148 1987 1188 2052; x_wconf 93' lang='lat' dir='ltr'>de</span> <span class='ocrx_word' id='word_1_108' title='bbox 1199 1986 1270 2052; x_wconf 88' lang='lat' dir='ltr'>aliis</span> <span class='ocrx_word' id='word_1_109' title='bbox 1281 1985 1424 2068; x_wconf 75' lang='lat' dir='ltr'>loquor?</span> 
     </span>
     <span class='ocr_line' id='line_1_14' title="bbox 252 2089 1423 2175; baseline 0.002 -21"><span class='ocrx_word' id='word_1_110' title='bbox 252 2089 287 2154; x_wconf 90' lang='lat' dir='ltr'>Si</span> <span class='ocrx_word' id='word_1_111' title='bbox 307 2090 510 2173; x_wconf 88' lang='lat' dir='ltr'>perpendere</span> <span class='ocrx_word' id='word_1_112' title='bbox 531 2095 564 2158; x_wconf 91' lang='lat' dir='ltr'>te</span> <span class='ocrx_word' id='word_1_113' title='bbox 585 2093 683 2173; x_wconf 74' lang='lat' dir='ltr'>voleS,</span> <span class='ocrx_word' id='word_1_114' title='bbox 705 2111 826 2175; x_wconf 92' lang='lat' dir='ltr'>sepone</span> <span class='ocrx_word' id='word_1_115' title='bbox 837 2093 1020 2174; x_wconf 89' lang='lat' dir='ltr'>pecuniam,</span> <span class='ocrx_word' id='word_1_116' title='bbox 1043 2093 1187 2172; x_wconf 88' lang='lat' dir='ltr'>domurn,</span> <span class='ocrx_word' id='word_1_117' title='bbox 1210 2091 1423 2174; x_wconf 90' lang='lat' dir='ltr'>dignitatem:</span> 
     </span>
     <span class='ocr_line' id='line_1_15' title="bbox 253 2195 1425 2281; baseline 0 -23"><span class='ocrx_word' id='word_1_118' title='bbox 253 2195 339 2260; x_wconf 89' lang='lat' dir='ltr'>intus</span> <span class='ocrx_word' id='word_1_119' title='bbox 370 2198 403 2260; x_wconf 90' lang='lat' dir='ltr'>tc</span> <span class='ocrx_word' id='word_1_120' title='bbox 434 2196 503 2279; x_wconf 88' lang='lat' dir='ltr'>ipsc</span> <span class='ocrx_word' id='word_1_121' title='bbox 534 2197 714 2263; x_wconf 90' lang='lat' dir='ltr'>considera.</span> <span class='ocrx_word' id='word_1_122' title='bbox 754 2197 849 2263; x_wconf 91' lang='lat' dir='ltr'>Nunc</span> <span class='ocrx_word' id='word_1_123' title='bbox 880 2199 985 2281; x_wconf 88' lang='lat' dir='ltr'>qualis</span> <span class='ocrx_word' id='word_1_124' title='bbox 1006 2199 1068 2279; x_wconf 91' lang='lat' dir='ltr'>sit,</span> <span class='ocrx_word' id='word_1_125' title='bbox 1090 2197 1160 2264; x_wconf 89' lang='lat' dir='ltr'>aliis</span> <span class='ocrx_word' id='word_1_126' title='bbox 1183 2197 1306 2262; x_wconf 86' lang='lat' dir='ltr'>credis&#39;⁷</span> <span class='ocrx_word' id='word_1_127' title='bbox 1336 2195 1425 2278; x_wconf 79' lang='lat' dir='ltr'>(Son.</span> 
     </span>
     <span class='ocr_line' id='line_1_16' title="bbox 253 2300 526 2382; baseline 0 -15"><span class='ocrx_word' id='word_1_128' title='bbox 253 2320 303 2382; x_wconf 89' lang='lat' dir='ltr'>ep.</span> <span class='ocrx_word' id='word_1_129' title='bbox 324 2301 364 2364; x_wconf 89' lang='lat'>80</span> <span class='ocrx_word' id='word_1_130' title='bbox 384 2300 418 2366; x_wconf 93' lang='lat' dir='ltr'>in</span> <span class='ocrx_word' id='word_1_131' title='bbox 438 2301 526 2379; x_wconf 91' lang='lat' dir='ltr'>fine).</span> 
     </span>
    </p>

    <p class='ocr_par' dir='ltr' id='par_1_6' title="bbox 254 2405 1427 3329">
     <span class='ocr_line' id='line_1_17' title="bbox 294 2405 1421 2490; baseline 0.001 -19"><span class='ocrx_word' id='word_1_132' title='bbox 294 2405 413 2472; x_wconf 89' lang='lat' dir='ltr'>Desine</span> <span class='ocrx_word' id='word_1_133' title='bbox 434 2410 546 2472; x_wconf 90' lang='lat' dir='ltr'>tamen</span> <span class='ocrx_word' id='word_1_134' title='bbox 568 2407 700 2472; x_wconf 89' lang='lat' dir='ltr'>credere</span> <span class='ocrx_word' id='word_1_135' title='bbox 722 2407 780 2487; x_wconf 77' lang='lat' dir='ltr'>iia,</span> <span class='ocrx_word' id='word_1_136' title='bbox 803 2408 859 2490; x_wconf 91' lang='lat' dir='ltr'>qui</span> <span class='ocrx_word' id='word_1_137' title='bbox 879 2408 939 2473; x_wconf 91' lang='lat' dir='ltr'>tibi</span> <span class='ocrx_word' id='word_1_138' title='bbox 961 2407 1157 2486; x_wconf 85' lang='lat' dir='ltr'>adulantur,</span> <span class='ocrx_word' id='word_1_139' title='bbox 1179 2425 1257 2472; x_wconf 90' lang='lat' dir='ltr'>nam</span> <span class='ocrx_word' id='word_1_140' title='bbox 1292 2425 1421 2489; x_wconf 88' lang='lat' dir='ltr'>,quem-</span> 
     </span>
     <span class='ocr_line' id='line_1_18' title="bbox 255 2509 1426 2595; baseline 0 -19"><span class='ocrx_word' id='word_1_141' title='bbox 255 2509 434 2577; x_wconf 89' lang='lat' dir='ltr'>admodum</span> <span class='ocrx_word' id='word_1_142' title='bbox 456 2511 511 2594; x_wconf 88' lang='lat' dir='ltr'>qui</span> <span class='ocrx_word' id='word_1_143' title='bbox 532 2512 707 2578; x_wconf 88' lang='lat' dir='ltr'>audierunt</span> <span class='ocrx_word' id='word_1_144' title='bbox 728 2513 980 2595; x_wconf 85' lang='lat' dir='ltr'>symphoniam,</span> <span class='ocrx_word' id='word_1_145' title='bbox 1000 2512 1107 2578; x_wconf 88' lang='lat' dir='ltr'>ferunt</span> <span class='ocrx_word' id='word_1_146' title='bbox 1125 2531 1236 2577; x_wconf 91' lang='lat' dir='ltr'>secum</span> <span class='ocrx_word' id='word_1_147' title='bbox 1245 2511 1281 2576; x_wconf 92' lang='lat' dir='ltr'>in</span> <span class='ocrx_word' id='word_1_148' title='bbox 1293 2511 1426 2578; x_wconf 89' lang='lat' dir='ltr'>auribus</span> 
     </span>
     <span class='ocr_line' id='line_1_19' title="bbox 254 2615 1426 2700; baseline 0.003 -20"><span class='ocrx_word' id='word_1_149' title='bbox 254 2615 513 2682; x_wconf 88' lang='lat' dir='ltr'>modulationem</span> <span class='ocrx_word' id='word_1_150' title='bbox 543 2616 632 2683; x_wconf 90' lang='lat' dir='ltr'>illam</span> <span class='ocrx_word' id='word_1_151' title='bbox 666 2637 705 2682; x_wconf 88' lang='lat' dir='ltr'>ac</span> <span class='ocrx_word' id='word_1_152' title='bbox 725 2617 930 2684; x_wconf 81' lang='lat' dir='ltr'>dulcedinem</span> <span class='ocrx_word' id='word_1_153' title='bbox 954 2621 1088 2698; x_wconf 77' lang='lat' dir='ltr'>cantuS,</span> <span class='ocrx_word' id='word_1_154' title='bbox 1109 2636 1195 2700; x_wconf 88' lang='lat' dir='ltr'>quae</span> <span class='ocrx_word' id='word_1_155' title='bbox 1216 2616 1426 2699; x_wconf 88' lang='lat' dir='ltr'>cogitationes</span> 
     </span>
     <span class='ocr_line' id='line_1_20' title="bbox 254 2719 1427 2805; baseline 0.003 -21"><span class='ocrx_word' id='word_1_156' title='bbox 254 2719 410 2803; x_wconf 89' lang='lat' dir='ltr'>impedit,</span> <span class='ocrx_word' id='word_1_157' title='bbox 447 2740 508 2788; x_wconf 92' lang='lat' dir='ltr'>nec</span> <span class='ocrx_word' id='word_1_158' title='bbox 535 2723 579 2788; x_wconf 87' lang='lat' dir='ltr'>ad</span> <span class='ocrx_word' id='word_1_159' title='bbox 609 2722 694 2788; x_wconf 90' lang='lat' dir='ltr'>seria</span> <span class='ocrx_word' id='word_1_160' title='bbox 724 2724 847 2805; x_wconf 89' lang='lat' dir='ltr'>patitur</span> <span class='ocrx_word' id='word_1_161' title='bbox 879 2722 1025 2788; x_wconf 89' lang='lat' dir='ltr'>intendi:</span> <span class='ocrx_word' id='word_1_162' title='bbox 1056 2722 1103 2788; x_wconf 92' lang='lat' dir='ltr'>sic</span> <span class='ocrx_word' id='word_1_163' title='bbox 1134 2722 1362 2803; x_wconf 88' lang='lat' dir='ltr'>adulatorum,</span> <span class='ocrx_word' id='word_1_164' title='bbox 1394 2725 1427 2790; x_wconf 87' lang='lat' dir='ltr'>et</span> 
     </span>
     <span class='ocr_line' id='line_1_21' title="bbox 254 2826 1427 2910; baseline 0.003 -21"><span class='ocrx_word' id='word_1_165' title='bbox 254 2844 358 2908; x_wconf 88' lang='lat' dir='ltr'>prava</span> <span class='ocrx_word' id='word_1_166' title='bbox 387 2826 588 2893; x_wconf 86' lang='lat' dir='ltr'>laudantium</span> <span class='ocrx_word' id='word_1_167' title='bbox 616 2846 733 2909; x_wconf 90' lang='lat' dir='ltr'>serm0,</span> <span class='ocrx_word' id='word_1_168' title='bbox 755 2829 875 2894; x_wconf 88' lang='lat' dir='ltr'>diutius</span> <span class='ocrx_word' id='word_1_169' title='bbox 895 2830 1031 2909; x_wconf 87' lang='lat' dir='ltr'>haeret,</span> <span class='ocrx_word' id='word_1_170' title='bbox 1053 2847 1153 2910; x_wconf 90' lang='lat' dir='ltr'>quam</span> <span class='ocrx_word' id='word_1_171' title='bbox 1184 2827 1335 2894; x_wconf 89' lang='lat' dir='ltr'>auditur:</span> <span class='ocrx_word' id='word_1_172' title='bbox 1367 2847 1427 2894; x_wconf 91' lang='lat' dir='ltr'>nec</span> 
     </span>
     <span class='ocr_line' id='line_1_22' title="bbox 254 2928 1427 3015; baseline 0.006 -22"><span class='ocrx_word' id='word_1_173' title='bbox 254 2928 347 2995; x_wconf 88' lang='lat' dir='ltr'>facile</span> <span class='ocrx_word' id='word_1_174' title='bbox 385 2934 452 3012; x_wconf 90' lang='lat' dir='ltr'>est,</span> <span class='ocrx_word' id='word_1_175' title='bbox 492 2932 602 2997; x_wconf 87' lang='lat' dir='ltr'>animo</span> <span class='ocrx_word' id='word_1_176' title='bbox 641 2931 766 2998; x_wconf 87' lang='lat' dir='ltr'>dulcem</span> <span class='ocrx_word' id='word_1_177' title='bbox 799 2952 916 2998; x_wconf 91' lang='lat' dir='ltr'>sonum</span> <span class='ocrx_word' id='word_1_178' title='bbox 949 2935 1121 3011; x_wconf 86' lang='lat' dir='ltr'>excuterc;</span> <span class='ocrx_word' id='word_1_179' title='bbox 1154 2932 1362 3015; x_wconf 84' lang='lat' dir='ltr'>prosequitur</span> <span class='ocrx_word' id='word_1_180' title='bbox 1395 2937 1427 3000; x_wconf 91' lang='lat' dir='ltr'>et</span> 
     </span>
     <span class='ocr_line' id='line_1_23' title="bbox 256 3034 1427 3114; baseline 0.006 -16"><span class='ocrx_word' id='word_1_181' title='bbox 256 3034 372 3114; x_wconf 88' lang='lat' dir='ltr'>durat,</span> <span class='ocrx_word' id='word_1_182' title='bbox 403 3038 435 3100; x_wconf 89' lang='lat' dir='ltr'>et</span> <span class='ocrx_word' id='word_1_183' title='bbox 466 3055 506 3100; x_wconf 86' lang='lat' dir='ltr'>ex</span> <span class='ocrx_word' id='word_1_184' title='bbox 537 3036 706 3102; x_wconf 89' lang='lat' dir='ltr'>intervallo</span> <span class='ocrx_word' id='word_1_185' title='bbox 736 3037 882 3104; x_wconf 86' lang='lat' dir='ltr'>recurrit.</span> <span class='ocrx_word' id='word_1_186' title='bbox 914 3038 990 3104; x_wconf 92' lang='lat' dir='ltr'>ldeo</span> <span class='ocrx_word' id='word_1_187' title='bbox 1012 3038 1212 3104; x_wconf 86' lang='lat' dir='ltr'>claudendae</span> <span class='ocrx_word' id='word_1_188' title='bbox 1234 3041 1311 3104; x_wconf 90' lang='lat' dir='ltr'>sunt</span> <span class='ocrx_word' id='word_1_189' title='bbox 1332 3058 1427 3106; x_wconf 90' lang='lat' dir='ltr'>aures</span> 
     </span>
     <span class='ocr_line' id='line_1_24' title="bbox 255 3139 1426 3225; baseline 0.005 -22"><span class='ocrx_word' id='word_1_190' title='bbox 255 3139 349 3204; x_wconf 89' lang='lat' dir='ltr'>malis</span> <span class='ocrx_word' id='word_1_191' title='bbox 369 3139 522 3221; x_wconf 90' lang='lat' dir='ltr'>vocibus,</span> <span class='ocrx_word' id='word_1_192' title='bbox 545 3144 578 3205; x_wconf 90' lang='lat' dir='ltr'>et</span> <span class='ocrx_word' id='word_1_193' title='bbox 605 3141 739 3223; x_wconf 88' lang='lat' dir='ltr'>quidem</span> <span class='ocrx_word' id='word_1_194' title='bbox 760 3142 883 3224; x_wconf 88' lang='lat' dir='ltr'>primis.</span> <span class='ocrx_word' id='word_1_195' title='bbox 915 3141 1001 3208; x_wconf 88' lang='lat' dir='ltr'>Nam</span> <span class='ocrx_word' id='word_1_196' title='bbox 1023 3163 1097 3208; x_wconf 89' lang='lat' dir='ltr'>cunr</span> <span class='ocrx_word' id='word_1_197' title='bbox 1119 3143 1248 3208; x_wconf 87' lang='lat' dir='ltr'>initium</span> <span class='ocrx_word' id='word_1_198' title='bbox 1270 3143 1426 3225; x_wconf 87' lang='lat' dir='ltr'>lecerunt,</span> 
     </span>
     <span class='ocr_line' id='line_1_25' title="bbox 255 3244 1390 3329; baseline 0.003 -19"><span class='ocrx_word' id='word_1_199' title='bbox 255 3244 483 3327; x_wconf 89' lang='lat' dir='ltr'>admissaeque</span> <span class='ocrx_word' id='word_1_200' title='bbox 504 3247 599 3326; x_wconf 91' lang='lat' dir='ltr'>sunt,</span> <span class='ocrx_word' id='word_1_201' title='bbox 626 3246 699 3327; x_wconf 90' lang='lat' dir='ltr'>plus</span> <span class='ocrx_word' id='word_1_202' title='bbox 721 3247 863 3312; x_wconf 85' lang='lat' dir='ltr'>audent¹⁷</span> <span class='ocrx_word' id='word_1_203' title='bbox 885 3246 975 3324; x_wconf 81' lang='lat' dir='ltr'>(Sen.</span> <span class='ocrx_word' id='word_1_204' title='bbox 997 3267 1047 3329; x_wconf 93' lang='lat' dir='ltr'>ep.</span> <span class='ocrx_word' id='word_1_205' title='bbox 1070 3248 1134 3329; x_wconf 61' lang='lat'>23).</span> <span class='ocrx_word' id='word_1_206' title='bbox 1388 3245 1390 3249; x_wconf 76' lang='grc'>’</span> 
     </span>
    </p>

    <p class='ocr_par' dir='ltr' id='par_1_7' title="bbox 255 3349 1428 4170">
     <span class='ocr_line' id='line_1_26' title="bbox 299 3349 1428 3439; baseline 0.007 -26"><span class='ocrx_word' id='word_1_207' title='bbox 299 3349 397 3429; x_wconf 91' lang='lat' dir='ltr'>,lllud</span> <span class='ocrx_word' id='word_1_208' title='bbox 427 3349 601 3433; x_wconf 88' lang='lat' dir='ltr'>praecipue</span> <span class='ocrx_word' id='word_1_209' title='bbox 623 3349 759 3433; x_wconf 90' lang='lat' dir='ltr'>impedit</span> <span class='ocrx_word' id='word_1_210' title='bbox 779 3359 834 3427; x_wconf 86' lang='lat' dir='ltr'>(sc.</span> <span class='ocrx_word' id='word_1_211' title='bbox 855 3353 1029 3434; x_wconf 90' lang='lat' dir='ltr'>quominus</span> <span class='ocrx_word' id='word_1_212' title='bbox 1052 3352 1339 3436; x_wconf 88' lang='lat' dir='ltr'>philosophemur,</span> <span class='ocrx_word' id='word_1_213' title='bbox 1361 3374 1428 3439; x_wconf 90' lang='lat' dir='ltr'>qua</span> 
     </span>
     <span class='ocr_line' id='line_1_27' title="bbox 255 3453 1426 3540; baseline 0.005 -20"><span class='ocrx_word' id='word_1_214' title='bbox 255 3453 309 3521; x_wconf 91' lang='lat' dir='ltr'>via</span> <span class='ocrx_word' id='word_1_215' title='bbox 330 3455 374 3521; x_wconf 92' lang='lat' dir='ltr'>ad</span> <span class='ocrx_word' id='word_1_216' title='bbox 394 3453 548 3520; x_wconf 88' lang='lat' dir='ltr'>virtutem</span> <span class='ocrx_word' id='word_1_217' title='bbox 569 3457 602 3521; x_wconf 93' lang='lat' dir='ltr'>et</span> <span class='ocrx_word' id='word_1_218' title='bbox 621 3457 671 3521; x_wconf 91' lang='lat' dir='ltr'>sui</span> <span class='ocrx_word' id='word_1_219' title='bbox 693 3457 911 3539; x_wconf 81' lang='lat' dir='ltr'>cognitionem</span> <span class='ocrx_word' id='word_1_220' title='bbox 924 3457 1137 3540; x_wconf 88' lang='lat' dir='ltr'>pervenitur),</span> <span class='ocrx_word' id='word_1_221' title='bbox 1158 3459 1246 3540; x_wconf 90' lang='lat' dir='ltr'>quod</span> <span class='ocrx_word' id='word_1_222' title='bbox 1258 3459 1320 3524; x_wconf 90' lang='lat' dir='ltr'>cito</span> <span class='ocrx_word' id='word_1_223' title='bbox 1331 3461 1426 3526; x_wconf 89' lang='lat' dir='ltr'>nohis</span> 
     </span>
     <span class='ocr_line' id='line_1_28' title="bbox 255 3560 1427 3648; baseline 0.005 -23"><span class='ocrx_word' id='word_1_224' title='bbox 255 3560 440 3643; x_wconf 90' lang='lat' dir='ltr'>placemus:</span> <span class='ocrx_word' id='word_1_225' title='bbox 471 3560 499 3624; x_wconf 92' lang='lat' dir='ltr'>si</span> <span class='ocrx_word' id='word_1_226' title='bbox 519 3560 719 3643; x_wconf 89' lang='lat' dir='ltr'>invenimus,</span> <span class='ocrx_word' id='word_1_227' title='bbox 753 3562 808 3644; x_wconf 93' lang='lat' dir='ltr'>qui</span> <span class='ocrx_word' id='word_1_228' title='bbox 829 3581 889 3628; x_wconf 91' lang='lat' dir='ltr'>nos</span> <span class='ocrx_word' id='word_1_229' title='bbox 910 3563 1015 3628; x_wconf 89' lang='lat' dir='ltr'>honos</span> <span class='ocrx_word' id='word_1_230' title='bbox 1036 3565 1122 3629; x_wconf 89' lang='lat' dir='ltr'>viros</span> <span class='ocrx_word' id='word_1_231' title='bbox 1144 3563 1250 3645; x_wconf 89' lang='lat' dir='ltr'>dicat,</span> <span class='ocrx_word' id='word_1_232' title='bbox 1272 3565 1328 3648; x_wconf 88' lang='lat' dir='ltr'>qui</span> <span class='ocrx_word' id='word_1_233' title='bbox 1348 3586 1427 3648; x_wconf 87' lang='lat' dir='ltr'>prn-</span> 
     </span>
     <span class='ocr_line' id='line_1_29' title="bbox 256 3665 1427 3749; baseline 0.006 -17"><span class='ocrx_word' id='word_1_234' title='bbox 256 3665 389 3748; x_wconf 89' lang='lat' dir='ltr'>dentes,</span> <span class='ocrx_word' id='word_1_235' title='bbox 411 3665 467 3748; x_wconf 92' lang='lat' dir='ltr'>qui</span> <span class='ocrx_word' id='word_1_236' title='bbox 487 3669 626 3748; x_wconf 90' lang='lat' dir='ltr'>sanctos,</span> <span class='ocrx_word' id='word_1_237' title='bbox 648 3669 861 3749; x_wconf 88' lang='lat' dir='ltr'>agnoscimus.</span> <span class='ocrx_word' id='word_1_238' title='bbox 882 3669 950 3734; x_wconf 90' lang='lat' dir='ltr'>Nec</span> <span class='ocrx_word' id='word_1_239' title='bbox 973 3688 1085 3733; x_wconf 89' lang='lat' dir='ltr'>sumus</span> <span class='ocrx_word' id='word_1_240' title='bbox 1098 3669 1228 3735; x_wconf 89' lang='lat' dir='ltr'>modica</span> <span class='ocrx_word' id='word_1_241' title='bbox 1239 3670 1427 3739; x_wconf 88' lang='lat' dir='ltr'>laudatione</span> 
     </span>
     <span class='ocr_line' id='line_1_30' title="bbox 256 3771 1427 3857; baseline 0.006 -21"><span class='ocrx_word' id='word_1_242' title='bbox 256 3771 419 3838; x_wconf 90' lang='lat' dir='ltr'>contenti:</span> <span class='ocrx_word' id='word_1_243' title='bbox 440 3771 598 3854; x_wconf 88' lang='lat' dir='ltr'>quidquid</span> <span class='ocrx_word' id='word_1_244' title='bbox 619 3772 654 3837; x_wconf 91' lang='lat' dir='ltr'>in</span> <span class='ocrx_word' id='word_1_245' title='bbox 674 3791 734 3838; x_wconf 95' lang='lat' dir='ltr'>nos</span> <span class='ocrx_word' id='word_1_246' title='bbox 755 3773 899 3840; x_wconf 91' lang='lat' dir='ltr'>adulatio</span> <span class='ocrx_word' id='word_1_247' title='bbox 922 3774 992 3841; x_wconf 91' lang='lat' dir='ltr'>sine</span> <span class='ocrx_word' id='word_1_248' title='bbox 1012 3774 1138 3857; x_wconf 89' lang='lat' dir='ltr'>pudore</span> <span class='ocrx_word' id='word_1_249' title='bbox 1161 3777 1321 3857; x_wconf 88' lang='lat' dir='ltr'>congessit</span> <span class='ocrx_word' id='word_1_250' title='bbox 1341 3779 1427 3842; x_wconf 90' lang='lat' dir='ltr'>tam·</span> 
     </span>
     <span class='ocr_line' id='line_1_31' title="bbox 256 3877 1426 3964; baseline 0.004 -22"><span class='ocrx_word' id='word_1_251' title='bbox 256 3897 356 3960; x_wconf 87' lang='lat' dir='ltr'>quam</span> <span class='ocrx_word' id='word_1_252' title='bbox 388 3877 534 3943; x_wconf 88' lang='lat' dir='ltr'>debiturn</span> <span class='ocrx_word' id='word_1_253' title='bbox 554 3877 764 3959; x_wconf 88' lang='lat' dir='ltr'>prendimus:</span> <span class='ocrx_word' id='word_1_254' title='bbox 787 3880 927 3961; x_wconf 91' lang='lat' dir='ltr'>optimos</span> <span class='ocrx_word' id='word_1_255' title='bbox 949 3898 1009 3944; x_wconf 92' lang='lat' dir='ltr'>nos</span> <span class='ocrx_word' id='word_1_256' title='bbox 1031 3897 1122 3959; x_wconf 85' lang='lat' dir='ltr'>esse,</span> <span class='ocrx_word' id='word_1_257' title='bbox 1149 3880 1426 3964; x_wconf 87' lang='lat' dir='ltr'>sapientissimos,</span> 
     </span>
     <span class='ocr_line' id='line_1_32' title="bbox 256 3981 1425 4067; baseline 0.004 -19"><span class='ocrx_word' id='word_1_258' title='bbox 256 3981 495 4048; x_wconf 84' lang='lat' dir='ltr'>affirmantibus</span> <span class='ocrx_word' id='word_1_259' title='bbox 526 3983 743 4064; x_wconf 87' lang='lat' dir='ltr'>assentimur,</span> <span class='ocrx_word' id='word_1_260' title='bbox 774 4003 848 4049; x_wconf 91' lang='lat' dir='ltr'>cum</span> <span class='ocrx_word' id='word_1_261' title='bbox 880 3984 1021 4050; x_wconf 89' lang='lat' dir='ltr'>sciamus</span> <span class='ocrx_word' id='word_1_262' title='bbox 1052 3984 1122 4049; x_wconf 90' lang='lat' dir='ltr'>illos</span> <span class='ocrx_word' id='word_1_263' title='bbox 1156 4003 1255 4067; x_wconf 87' lang='lat' dir='ltr'>saepe</span> <span class='ocrx_word' id='word_1_264' title='bbox 1277 3986 1425 4053; x_wconf 89' lang='lat' dir='ltr'>mentiri”</span> 
     </span>
     <span class='ocr_line' id='line_1_33' title="bbox 256 4087 488 4170; baseline -0.004 -17"><span class='ocrx_word' id='word_1_265' title='bbox 256 4087 332 4154; x_wconf 88' lang='lat' dir='ltr'>Son.</span> <span class='ocrx_word' id='word_1_266' title='bbox 354 4107 404 4170; x_wconf 91' lang='lat' dir='ltr'>ep.</span> <span class='ocrx_word' id='word_1_267' title='bbox 426 4088 488 4165; x_wconf 87' lang='grc'>59).</span> 
     </span>
    </p>

    <p class='ocr_par' dir='ltr' id='par_1_8' title="bbox 256 4193 1427 4494">
     <span class='ocr_line' id='line_1_34' title="bbox 296 4193 1427 4276; baseline 0.005 -18"><span class='ocrx_word' id='word_1_268' title='bbox 296 4193 407 4259; x_wconf 90' lang='lat' dir='ltr'>Donec</span> <span class='ocrx_word' id='word_1_269' title='bbox 427 4193 574 4274; x_wconf 89' lang='lat' dir='ltr'>indulges</span> <span class='ocrx_word' id='word_1_270' title='bbox 594 4193 745 4260; x_wconf 92' lang='lat' dir='ltr'>omnihus</span> <span class='ocrx_word' id='word_1_271' title='bbox 766 4193 873 4260; x_wconf 88' lang='lat' dir='ltr'>omnis</span> <span class='ocrx_word' id='word_1_272' title='bbox 894 4193 1021 4276; x_wconf 88' lang='lat' dir='ltr'>generis</span> <span class='ocrx_word' id='word_1_273' title='bbox 1042 4193 1173 4276; x_wconf 90' lang='lat' dir='ltr'>flagitiis</span> <span class='ocrx_word' id='word_1_274' title='bbox 1195 4197 1228 4262; x_wconf 91' lang='lat' dir='ltr'>et</span> <span class='ocrx_word' id='word_1_275' title='bbox 1249 4196 1347 4262; x_wconf 88' lang='lat' dir='ltr'>rebus</span> <span class='ocrx_word' id='word_1_276' title='bbox 1371 4216 1427 4264; x_wconf 84' lang='lat' dir='ltr'>ex·</span> 
     </span>
     <span class='ocr_line' id='line_1_35' title="bbox 256 4297 1426 4384; baseline 0.005 -20"><span class='ocrx_word' id='word_1_277' title='bbox 256 4298 357 4366; x_wconf 90' lang='lat' dir='ltr'>ternis</span> <span class='ocrx_word' id='word_1_278' title='bbox 388 4297 515 4379; x_wconf 77' lang='lat' dir='ltr'>inhiaS,</span> <span class='ocrx_word' id='word_1_279' title='bbox 542 4318 610 4364; x_wconf 95' lang='lat' dir='ltr'>non</span> <span class='ocrx_word' id='word_1_280' title='bbox 632 4301 681 4364; x_wconf 90' lang='lat' dir='ltr'>est</span> <span class='ocrx_word' id='word_1_281' title='bbox 702 4300 791 4382; x_wconf 89' lang='lat' dir='ltr'>quod</span> <span class='ocrx_word' id='word_1_282' title='bbox 811 4319 908 4366; x_wconf 88' lang='lat' dir='ltr'>aures</span> <span class='ocrx_word' id='word_1_283' title='bbox 929 4300 1089 4382; x_wconf 88' lang='lat' dir='ltr'>praebeas</span> <span class='ocrx_word' id='word_1_284' title='bbox 1111 4301 1230 4384; x_wconf 93' lang='lat' dir='ltr'>populo</span> <span class='ocrx_word' id='word_1_285' title='bbox 1254 4303 1426 4371; x_wconf 90' lang='lat' dir='ltr'>adulatori.</span> 
     </span>
     <span class='ocr_line' id='line_1_36' title="bbox 259 4393 1426 4494; baseline 0.009 -27"><span class='ocrx_word' id='word_1_286' title='bbox 259 4405 313 4488; x_wconf 77' lang='lat' dir='ltr'>,Et</span> <span class='ocrx_word' id='word_1_287' title='bbox 331 4403 435 4484; x_wconf 80' lang='grc' dir='ltr'><em>βούλει</em></span> <span class='ocrx_word' id='word_1_288' title='bbox 455 4401 575 4482; x_wconf 59' lang='grc' dir='ltr'><strong><em>ἀγαθὸς</em></strong></span> <span class='ocrx_word' id='word_1_289' title='bbox 596 4393 662 4466; x_wconf 78' lang='grc' dir='ltr'><em>εἶναι</em></span> <span class='ocrx_word' id='word_1_290' title='bbox 681 4413 800 4482; x_wconf 71' lang='grc' dir='ltr'><strong><em>πρῶτον</em></strong></span> <span class='ocrx_word' id='word_1_291' title='bbox 820 4410 981 4468; x_wconf 72' lang='grc' dir='ltr'>πίστευσον</span> <span class='ocrx_word' id='word_1_292' title='bbox 1002 4403 1046 4468; x_wconf 70' lang='grc' dir='ltr'>’ότι</span> <span class='ocrx_word' id='word_1_293' title='bbox 1067 4403 1159 4479; x_wconf 72' lang='grc' dir='ltr'><strong><em>κακὸς</em></strong></span> <span class='ocrx_word' id='word_1_294' title='bbox 1171 4397 1212 4470; x_wconf 81' lang='grc' dir='ltr'>εἷ”</span> <span class='ocrx_word' id='word_1_295' title='bbox 1225 4407 1426 4494; x_wconf 81' lang='lat' dir='ltr'>(Epictetus).</span> 
     </span>
    </p>
   </div>
   <div class='ocr_carea' id='block_1_4' title="bbox 0 0 1708 5056">
    <p class='ocr_par' dir='ltr' id='par_1_9' title="bbox 0 0 1708 5056">
     <span class='ocr_line' id='line_1_37' title="bbox 0 0 1708 5056; baseline 0 0"><span class='ocrx_word' id='word_1_296' title='bbox 0 0 1708 5056; x_wconf 95' lang='lat' dir='ltr'> </span> 
     </span>
    </p>
   </div>
  </div>
 </body>
</html>
