3402 5056
249 545 280 591 IV

246 707 390 788 plorator
410 708 545 790 quidam
567 713 615 772 est
636 713 668 771 et
689 709 776 773 velut
797 710 921 790 legatus
944 730 964 775 a
986 711 1059 774 love
1075 709 1118 774 ad
1130 708 1282 772 visendas
1297 727 1348 772 res
1360 708 1423 772 hu·

245 831 362 876 manas
384 813 529 877 missus’'.
550 813 707 894 Exemplo
728 815 906 879 utebantur
928 815 1040 898 Cynici
1061 815 1195 879 Socrate
1216 814 1306 896 ipso,
1330 816 1424 894 patre

244 916 350 982 omnis
360 918 550 1000 sapientiae,
561 919 627 1000 qui,
648 921 684 982 ut
695 920 832 1001 quisque
843 920 975 985 obviam
988 941 1023 985 se
1035 919 1203 998 offerebat,
1217 920 1302 984 cives
1314 919 1424 1000 appel·

245 1021 336 1087 labat
357 1025 389 1088 et
410 1022 556 1098 alpelinde
577 1023 801 1106 interrogabat
822 1024 876 1100 (de
897 1045 975 1090 vero
998 1028 1031 1089 et
1052 1024 1194 1106 legitimo
1218 1024 1339 1106 Cynico
1351 1023 1426 1088 vide

247 1127 348 1208 Epict.
361 1128 437 1193 diss.
448 1128 487 1192 lt
497 1129 516 1192 l.
529 1129 547 1193 3
559 1132 592 1194 et
602 1128 718 1194 Friedl.
732 1128 944 1210 Sittengesch.
956 1132 1058 1195 Roms
1071 1151 1095 1194 s.
1108 1131 1168 1194 ool
1178 1131 1223 1194 th.
1237 1131 1277 1205 3).
1310 1128 1426 1210 Sequi·

245 1234 299 1296 tur
322 1252 433 1314 genus,
455 1233 544 1315 quod
565 1234 759 1299 versabatur
780 1235 814 1298 in
837 1234 987 1300 domibus
1006 1234 1190 1318 principum
1213 1238 1246 1299 et
1267 1234 1425 1298 nobilium

248 1338 484 1404 Romanorum.
506 1338 575 1403 Mos
595 1342 666 1404 erat
676 1339 803 1404 Romae
815 1341 903 1420 apud
914 1361 949 1405 se
961 1340 1083 1404 habere
1095 1339 1184 1404 domi
1195 1339 1425 1420 philosophum

247 1443 433 1525 quemdam,
455 1462 514 1525 per
532 1446 754 1525 contemptum
776 1464 1024 1528 nonnumquam
1047 1445 1240 1510 Graeculum
1261 1446 1423 1522 vocatum,

247 1567 389 1630 quocum
410 1552 505 1630 pater
526 1548 685 1629 familiaS,
707 1550 733 1613 si
756 1550 784 1614 ei
808 1553 892 1615 esset
912 1552 998 1616 male
1019 1553 1092 1631 post
1110 1549 1217 1614 omnis
1228 1548 1355 1630 generis
1367 1566 1426 1612 vo·

246 1653 388 1734 luptates
409 1655 443 1718 et
464 1654 627 1734 luxurias,
659 1673 761 1736 quum
783 1657 1022 1720 excruciaretur
1043 1655 1170 1719 animus
1194 1653 1328 1734 flagellis
1351 1673 1428 1718 con-

249 1757 413 1838 scientiae,
435 1758 728 1840 philosopharetur.
750 1760 908 1842 Perpauci
927 1761 1012 1825 inter
1024 1779 1088 1837 eos,
1100 1762 1136 1823 ut
1148 1779 1184 1825 re
1195 1778 1273 1824 vera
1285 1762 1429 1823 mentem

248 1863 455 1945 corrigerent,
475 1864 706 1947 philosophum
728 1866 949 1943 adhibebant3
971 1866 1117 1947 plerique
1137 1864 1376 1946 philosophiam
1389 1863 1424 1926 in

248 1968 317 2034 ima
326 1969 518 2050 praecordia
528 1988 596 2034 non
608 1970 833 2050 demittebant,
856 1991 934 2036 narn
945 1971 1145 2052 aliquamdiu
1159 1969 1379 2052 philosophati
1390 1968 1425 2032 in

248 2073 328 2138 vitia
338 2073 500 2151 redibant,
518 2076 714 2157 simulatque
727 2077 853 2158 primae
866 2096 1010 2142 nauseae
1023 2079 1240 2141 evanuerunt.
1260 2075 1346 2139 Turn
1356 2092 1429 2139 ma·

250 2179 376 2260 gistms,
406 2180 523 2261 quibus
544 2180 578 2245 in
600 2184 788 2262 praesentia
808 2183 888 2248 nihil
908 2183 1107 2261 utebantur,
1128 2180 1213 2246 inter
1236 2200 1373 2246 coenam
1398 2183 1430 2243 et

251 2284 436 2365 potationes
459 2285 579 2351 cavillis
601 2287 778 2367 petebant,
800 2291 832 2352 et
854 2307 921 2352 non
942 2307 1017 2353 raro
1038 2287 1147 2352 verbis
1168 2286 1258 2351 haud
1270 2284 1430 2367 ambiguis

250 2389 488 2471 significabant,
510 2410 566 2456 eos
587 2410 654 2456 non
675 2391 736 2455 nisi
758 2392 907 2457 mercede
929 2393 1106 2458 conductos
1125 2411 1205 2457 esse.
1239 2392 1306 2456 Nec
1319 2393 1432 2455 tamen

253 2494 371 2578 desunt
391 2496 541 2576 exempla
562 2496 699 2568 eximiae
721 2497 806 2563 inter
818 2498 987 2563 dominum
1000 2501 1032 2562 et
1044 2496 1275 2579 philosophum
1290 2497 1429 2561 necessi·

253 2600 384 2680 tudinis3
407 2620 447 2665 en
458 2601 561 2666 habes
571 2601 691 2666 Julium
702 2602 830 2667 Kanum
843 2603 911 2667 sive
923 2603 1072 2681 Canium,
1084 2622 1181 2684 quem
1202 2602 1432 2683 ,philosohpus

254 2725 332 2771 suus
353 2708 611 2788 prosequebatur
628 2709 671 2772 ad
682 2709 854 2788 tumulum,
870 2709 903 2772 in
916 2728 980 2790 quo
992 2708 1124 2774 Caesari
1137 2707 1198 2770 deo
1210 2710 1322 2772 nostro
1333 2708 1434 2773 fiebat

256 2811 483 2894 quotidianum
504 2814 651 2877 sacrum’'
674 2813 761 2888 (Sen.
784 2814 825 2879 de
840 2818 947 2896 tranq.
960 2833 1003 2878 an
1026 2834 1052 2877 c.
1067 2812 1250 2890 llinline),
1276 2813 1434 2890 ,Paetum

257 2919 458 2998 Thraseam,
490 2917 546 3000 qui
574 2922 764 3001 exspectans
785 2919 997 3002 supplicium,
1020 2937 1092 2983 cum
1114 2918 1280 2982 Demetrio
1303 2917 1435 2999 cynicae

259 3022 468 3088 institutionis
490 3024 631 3103 doctore,
653 3023 694 3088 de
715 3027 834 3089 natura
855 3024 984 3089 animae
1006 3027 1039 3088 et
1060 3022 1286 3087 dissociatione
1303 3023 1435 3104 spiritus

259 3129 468 3210 corporisque
488 3129 694 3211 inquirebat”
715 3130 803 3204 (Tac.
827 3149 902 3195 ann.
915 3131 941 3206 l.
956 3131 993 3194 16
1005 3151 1029 3193 c.
1042 3129 1103 3206 34),
1125 3129 1244 3193 multos
1264 3131 1436 3211 praeterea

260 3235 360 3315 alios,
381 3253 463 3316 quos
485 3234 611 3299 omitto.
633 3234 813 3300 Durissima
833 3235 979 3299 omnium
991 3233 1133 3298 conditio
1145 3237 1216 3299 erat
1226 3234 1437 3316 philosophis,

263 3339 317 3421 qui
348 3340 565 3405 versabantur
594 3339 628 3404 in
648 3341 744 3420 aula,
776 3340 832 3404 ubi
853 3339 1029 3404 vivendum
1051 3343 1121 3404 erat
1144 3358 1218 3403 cum
1238 3338 1437 3421 principibus

261 3447 455 3528 plerumque
485 3445 622 3510 morosis
642 3447 695 3511 vel
715 3446 845 3511 vesanis
868 3448 901 3510 et
922 3445 1073 3510 omnibus
1095 3444 1179 3509 vitiis
1201 3445 1329 3509 deditis.
1356 3445 1436 3509 Per-

262 3551 358 3635 pauci
388 3550 550 3633 principes
571 3550 781 3633 philosophos
803 3554 872 3616 tam
893 3551 1069 3616 liberaliter
1091 3569 1129 3615 ac
1150 3549 1331 3616 honorifice
1352 3554 1436 3615 trac·

262 3658 379 3723 tabant
400 3675 501 3739 quam
526 3655 627 3734 ,Julia
648 3657 785 3739 Augusti
806 3675 908 3732 uxor,
931 3675 1016 3737 quae
1036 3657 1111 3737 post
1132 3658 1271 3720 mortem
1286 3655 1391 3734 Drusi,
1402 3675 1437 3719 se

262 3761 495 3829 consolandam
527 3762 614 3826 Areo
634 3761 829 3843 philosopho
851 3761 911 3826 viri
929 3760 979 3826 sui
1002 3760 1173 3842 praebuit'’
1197 3763 1230 3824 et
1251 3761 1436 3842 Augustus,

265 3868 320 3950 qui
342 3886 380 3933 eo
402 3866 533 3931 assiduo
554 3867 671 3932 comite
692 3867 854 3948 utebatur,
877 3869 909 3932 et
930 3885 1072 3949 quocum
1082 3868 1219 3947 uterque
1231 3884 1297 3930 non
1308 3869 1438 3932 tantum
1569 3928 1578 3934 .

265 3993 350 4057 quae
381 3973 415 4037 in
445 3973 611 4054 publicum
642 3973 856 4051 emittuntur,
882 3973 941 4038 sed
962 3990 1075 4038 omnes
1097 3987 1228 4054 quoque
1249 3971 1438 4036 secretiores

265 4081 449 4147 animorum
480 4083 588 4144 motus
619 4080 899 4145 communicabat’
938 4080 1040 4157 (cons.
1072 4078 1123 4143 ad.
1159 4078 1313 4142 Marciam
1347 4097 1373 4143 c.
1395 4076 1437 4159 4),

264 4188 373 4266 Nero,
403 4204 517 4268 ,quem
540 4187 647 4250 mater
669 4205 689 4250 a
713 4185 921 4267 philosophia
941 4183 1059 4249 avertit
1080 4202 1216 4248 monens
1237 4183 1438 4265 imperaturo

268 4290 465 4358 contrariam
499 4292 588 4354 esse''
621 4290 711 4369 (Tac.
742 4290 851 4354 annl
884 4290 930 4355 15.
953 4309 978 4354 c.
1002 4290 1072 4369 15),
1108 4288 1304 4370 ,sapientiae
1326 4287 1438 4354 docto·

264 4400 354 4469 ribus
375 4395 734 4480 tempusimpertiebat
753 4399 828 4477 post
849 4394 983 4478 epulas,
1003 4397 1104 4482 utque
1125 4394 1287 4462 contraria
1299 4394 1436 4463 adseve-
