3402 5056
853 534 891 598 ⁶23

288 713 383 780 nibus
414 711 577 779 fallacium
597 712 877 795 syllogismorum,
909 732 994 795 quae
1015 714 1119 778 multa
1139 713 1288 779 feruntur
1309 723 1369 778 nec
1389 732 1458 779 me·

287 837 417 884 morare
448 835 567 899 operae
599 817 738 898 pretium
770 820 827 883 est.
860 819 954 883 Nam
987 818 1153 900 argutiae,
1181 837 1266 899 quae
1287 818 1321 882 in
1344 817 1461 882 scholis

287 921 430 989 exercitii
461 941 559 987 causa
580 921 870 1003 proponebantur,
902 928 938 987 ut
965 922 1129 988 auditores
1150 942 1208 1004 per
1230 921 1463 986 absurdissima

287 1046 437 1111 quaeque
458 1027 607 1107 exempla
627 1047 706 1092 vera
731 1047 751 1092 a
774 1027 863 1092 falsis
885 1027 1110 1104 dinoscerent,
1132 1026 1268 1108 perinde
1280 1027 1322 1092 ad
1334 1045 1459 1091 memo·

286 1133 369 1199 riam
390 1130 623 1214 posteritatatis
644 1151 824 1214 pervenere
846 1151 885 1197 ac
906 1132 932 1196 si
955 1133 1074 1197 summi
1096 1133 1244 1197 doctores
1267 1131 1386 1197 rabiosi
1399 1150 1460 1195 nu·

287 1242 415 1320 gatores
436 1236 580 1303 luissent.
612 1237 684 1302 Hoc
705 1237 783 1302 satis
807 1241 935 1301 constat
959 1255 1013 1302 eos
1036 1236 1238 1318 disciplinam
1260 1236 1461 1318 syllogismo-

286 1363 360 1409 rum
382 1343 423 1407 ab
444 1341 617 1407 Aristotele
637 1342 793 1406 traditam
813 1361 1011 1425 magnopere
1030 1341 1208 1407 excoluisse
1231 1361 1269 1406 ac
1289 1341 1460 1424 diligenter

287 1449 480 1515 elaborasse.
512 1446 722 1529 Syllogismus
744 1466 783 1511 eo
804 1448 888 1513 ratio
909 1467 948 1513 ac
968 1447 1023 1513 via
1043 1450 1114 1528 est,
1136 1466 1202 1530 qua
1225 1467 1243 1513 e
1264 1433 1382 1512 iudicio
1402 1466 1458 1528 ge-

287 1551 410 1634 nerali,
439 1551 527 1635 quod
555 1550 665 1630 aiunt,
687 1552 887 1617 concluditur
908 1552 950 1618 ad
973 1551 1127 1617 iudicium
1149 1551 1344 1632 particulare
1365 1552 1459 1617 adbi-

286 1658 362 1724 bitis
391 1657 538 1723 terminis
560 1658 684 1722 maiore
704 1662 737 1722 et
757 1659 892 1723 minore.
937 1658 987 1738 ld,
1009 1659 1098 1740 quod
1119 1658 1153 1722 in
1173 1659 1300 1723 minore
1323 1660 1456 1723 conten-

288 1765 375 1828 ditur
394 1781 508 1828 verum
529 1782 599 1828 esse
621 1762 756 1827 allicitur
779 1783 797 1828 e
818 1767 987 1848 supposita
1009 1761 1147 1827 veritate
1165 1763 1298 1828 termini
1315 1763 1459 1844 maioris

290 1869 358 1934 sive
389 1869 478 1950 quod
509 1868 543 1932 in
574 1888 691 1950 genere
722 1889 837 1934 verum
859 1876 927 1952 est,
962 1875 1050 1942 idem
1082 1875 1123 1938 de
1153 1869 1341 1955 particulari
1361 1871 1457 1935 valet.

287 1975 415 2054 Cardo,
437 1993 502 2057 quo
522 1977 592 2042 tota
612 1994 664 2039 res
684 1975 840 2056 vertitur,
862 1979 924 2045 hac
936 1980 1128 2064 quaestione
1150 1977 1352 2055 continetur,
1373 1995 1456 2058 quo-

286 2079 385 2145 modo
415 2096 509 2144 mens
538 2079 684 2144 humana
714 2080 784 2145 illas
815 2083 964 2150 notiones
995 2084 1163 2168 generales
1184 2102 1242 2147 seu
1265 2100 1456 2148 communes

287 2183 392 2260 (noenia
422 2187 587 2264 προλήψεις,
620 2181 738 2265 ἐννοίας)
759 2185 901 2267 primum
923 2189 1124 2272 conceperit,
1153 2189 1190 2252 ut
1211 2206 1266 2251 eas
1288 2205 1382 2251 veras
1405 2206 1457 2268 ag-

286 2292 418 2367 noscat;
439 2290 527 2353 locus
549 2289 591 2355 ab
613 2289 786 2356 Aristotele
807 2293 954 2359 omissus.
986 2294 1206 2360 EStoicorum
1218 2291 1381 2357 sententia
1391 2293 1455 2357 hae

286 2395 435 2460 notiones
466 2395 659 2475 colliguntur
693 2415 710 2459 e
742 2416 833 2462 mera
865 2419 1020 2466 sensuum
1039 2398 1272 2483 perceptione,
1294 2417 1312 2461 e
1333 2397 1457 2462 mundo

287 2503 421 2566 externo
442 2500 557 2583 igitur,
580 2499 630 2565 cui
651 2499 731 2566 nihil
753 2523 792 2567 ex
814 2505 924 2570 animo
946 2509 1058 2571 nostro
1081 2475 1229 2570 aduatbr.
1253 2502 1458 2585 Huncigitur

287 2605 432 2671 conferre
464 2605 537 2669 licet
567 2624 640 2670 cum
670 2607 783 2672 tabula
813 2630 907 2688 rasa,
935 2612 968 2676 in
993 2631 1058 2694 qua
1078 2609 1235 2692 quicquid
1256 2609 1297 2674 ab
1320 2612 1455 2674 externo

287 2710 384 2775 datur
414 2713 530 2790 sponte
562 2709 747 2776 inscribitur
776 2714 873 2792 (Plut.
897 2716 938 2780 de
958 2717 1031 2798 plac
1061 2716 1140 2798 phil.
1163 2715 1213 2778 lV.
1238 2713 1288 2795 ll)
1311 2714 1362 2780 vel
1384 2733 1457 2778 cum

286 2833 379 2895 cera,
411 2814 531 2896 inqua
561 2815 724 2896 quaelibet
755 2817 848 2900 signa
879 2821 1104 2901 exprimuntur
1135 2820 1234 2895 (Sext.
1267 2819 1360 2900 Emp.
1383 2818 1457 2886 adv.

285 2919 387 2984 math.
409 2918 472 2983 Vll.
485 2919 564 2995 am).
587 2920 728 2985 Eaedem
751 2925 976 3005 perceptiones
995 2926 1182 3009 frequenter
1203 2924 1377 2989 redeuntes
1395 2944 1457 3006 ope

285 3025 463 3090 memoriae
473 3024 508 3089 in
519 3025 628 3090 animo
639 3027 821 3093 retinentur
833 3033 864 3094 et
876 3030 1077 3112 colliguntur.
1094 3031 1177 3095 Hinc
1187 3028 1276 3093 κοιναὶ
1287 3033 1451 3110 προλήψεις.

284 3131 332 3195 Ex
362 3130 413 3196 his
445 3151 504 3196 eae
535 3150 634 3196 verae
660 3135 693 3197 et
725 3139 816 3198 extra
847 3154 944 3200 omne
969 3136 1105 3201 dubium
1126 3137 1252 3218 positae
1273 3136 1455 3214 habentur,

285 3236 403 3319 quibus
415 3235 543 3300 animus
555 3240 670 3318 sponte
683 3256 721 3302 ac
731 3237 869 3304 libenter
880 3242 1055 3305 assentitur
1063 3231 1454 3320 (pavraotaamtnmd,

284 3341 357 3407 Sex.
379 3341 471 3423 limp.
493 3342 566 3407 adr.
587 3342 689 3407 math.
717 3343 782 3410 Vll.
804 3345 884 3422 257).
917 3346 966 3412 lta
986 3346 1053 3412 fere
1074 3347 1182 3411 Stoici.
1204 3346 1341 3428 Logicae
1357 3345 1455 3411 Stoici

284 3448 547 3514 adnumerabant
577 3447 720 3513 studium
752 3451 985 3530 grammaticae
1016 3455 1049 3516 et
1080 3452 1281 3530 rhetoricae,
1310 3454 1346 3515 ut
1367 3451 1455 3533 quod

284 3552 356 3634 quis
386 3572 501 3618 verum
521 3552 698 3619 meditatus
720 3558 789 3633 est,
821 3560 899 3638 apta
919 3557 1066 3622 oratione
1088 3560 1121 3622 et
1141 3557 1264 3622 ornatis
1284 3556 1454 3622 sententiis

283 3659 476 3741 proseratur.
507 3658 626 3740 Logica
645 3659 692 3724 ila
713 3660 877 3743 tripartita
897 3661 1150 3728 instrumentum
1172 3665 1239 3741 est,
1262 3663 1349 3744 quod
1371 3662 1452 3728 vali-

283 3763 452 3830 dissimum
472 3763 673 3845 praesidium
694 3765 920 3849 philosophiae
942 3767 1043 3832 affert.
