3382 5056
830 521 869 586 76

259 703 330 784 est,
360 717 447 784 quae
461 719 532 767 nos
552 715 666 766 omnes
685 701 837 766 omnibus
858 695 991 782 miscet,
1014 704 1045 767 et
1066 701 1188 767 iudicat
1209 698 1342 782 aliquod
1362 717 1433 763 esse

260 825 433 873 commune
454 806 507 872 ius
527 805 654 888 generis
674 805 828 885 humani;
848 807 1025 888 plurimum
1048 806 1091 871 ad
1120 807 1209 872 illam
1229 823 1360 889 quoque
1380 804 1434 879 (de

258 930 325 994 qua
355 913 526 995 loquebar)
554 911 742 976 interiorem
771 911 959 976 societatem
981 912 1143 978 amicitiae
1165 911 1334 976 colendam
1355 927 1432 990 pro-

259 1015 335 1082 ficit.
375 1016 494 1082 Omnia
525 1015 612 1081 enim
641 1035 716 1081 cum
737 1017 842 1081 amico
866 1017 1055 1082 communia
1075 1015 1229 1096 habebit,
1251 1013 1307 1096 qui
1328 1014 1432 1079 multa

262 1139 336 1186 curn
357 1121 490 1188 homine
512 1121 601 1200 (San.
622 1141 672 1202 ep.
695 1122 758 1199 48).

300 1225 425 1304 Quibus
446 1227 623 1308 adiungas,
645 1246 731 1308 quae
753 1229 865 1292 monet
886 1227 973 1292 idern
986 1229 1108 1307 auctor,
1130 1247 1172 1292 ne
1183 1230 1307 1291 temere
1319 1244 1433 1307 quem·

262 1331 311 1397 vis
344 1331 502 1398 adhibeas
534 1335 566 1398 et
588 1331 725 1396 vinculis
745 1335 814 1396 tam
835 1332 955 1397 sanctis
976 1336 1085 1397 tecum
1107 1331 1303 1412 coniungas:
1328 1329 1433 1408 ,Nihil

258 1439 372 1504 tamen
403 1455 507 1520 aeque
537 1436 749 1502 oblectaverit
781 1437 945 1516 animum,
975 1456 1076 1520 quam
1110 1437 1255 1502 amicitia
1275 1435 1379 1500 fidelis
1401 1435 1434 1499 et

259 1541 372 1607 dulcis
414 1541 581 1621 Quantum
601 1541 726 1606 bonum
747 1544 816 1623 est,
839 1541 898 1606 ubi
918 1545 995 1606 sunt
1015 1545 1213 1623 praeparata
1234 1543 1377 1622 pectora,
1399 1539 1433 1604 in

259 1663 345 1729 quae
375 1648 445 1712 tuto
476 1649 637 1711 secretum
670 1665 767 1711 omne
799 1646 995 1727 descendat,
1030 1665 1171 1728 quorum
1203 1644 1434 1710 conscientiam

259 1751 368 1816 minus
389 1768 489 1833 qnam
509 1753 601 1817 tuam
622 1750 759 1831 timeas,
781 1770 920 1832 quorum
943 1770 1050 1817 sermo
1063 1750 1312 1816 sollicitudinem
1323 1748 1434 1829 leniat,

206 1921 209 1934 ,
258 1854 422 1922 sententia
451 1855 620 1920 consilium
641 1855 812 1936 expediat,
834 1855 981 1921 hilaritas
1001 1856 1167 1922 tristitiam
1189 1854 1333 1937 dissipet,
1355 1871 1433 1918 con·

260 1963 389 2044 spectus
408 1960 477 2043 ipse
499 1959 663 2027 delectet?
695 1960 783 2040 Quos
801 1961 921 2026 scilicet
940 1979 1081 2042 vacuos,
1102 1963 1262 2043 quantum
1283 1958 1354 2024 fieri
1374 1977 1434 2041 po·

259 2064 354 2145 terit,
386 2085 407 2130 a
437 2065 686 2147 cupiditatibus,
719 2065 881 2147 eligemus
930 2065 1074 2147 Serpunt
1106 2059 1194 2131 'enim
1225 2064 1305 2130 vitia
1335 2067 1368 2128 et
1400 2064 1434 2129 in

258 2170 444 2253 proximum
466 2189 629 2252 quemque
650 2170 856 2250 transiliunt,
879 2172 911 2235 et
933 2174 1085 2236 contactu
1106 2173 1234 2236 nocent.
1257 2170 1379 2252 ltaque,
1397 2172 1434 2235 ut

261 2275 297 2340 in
327 2275 513 2358 pestilentia
543 2275 726 2340 cavendum
758 2278 826 2356 est,
858 2295 900 2340 ne
922 2277 1080 2357 corruptis
1101 2275 1169 2340 iarn
1190 2274 1380 2356 corporibus
1401 2275 1435 2339 et

261 2381 378 2446 morbo
399 2380 612 2462 flagrantibus
634 2381 856 2460 assideamus,
879 2380 957 2462 quia
978 2381 1121 2462 pericula
1142 2380 1321 2458 trahemus,
1340 2379 1434 2444 affla-

260 2489 362 2568 tuque
392 2485 464 2568 ipso
495 2485 736 2552 laborabimus:
769 2486 815 2551 ita
845 2487 879 2550 in
911 2487 1089 2551 amicorum
1121 2485 1265 2566 legendis
1297 2484 1434 2567 ingeniis

261 2591 412 2657 dabimus
433 2610 578 2673 operam,
599 2594 636 2656 ut
657 2610 756 2673 quam
779 2591 912 2655 minime
934 2591 1122 2673 inquinatos
1134 2610 1347 2656 assumamus.
1369 2589 1434 2654 lni-

260 2695 345 2761 tinm
375 2695 481 2761 morbi
515 2698 582 2775 est,
615 2695 720 2777 aegris
752 2714 835 2759 sana
855 2695 1000 2760 miscere.
1041 2695 1108 2761 Nec
1128 2696 1191 2761 hoc
1211 2695 1434 2778 praeceperim

260 2800 340 2882 tibi,
370 2803 408 2865 ut
436 2799 602 2865 neminem
631 2800 692 2864 nisi
713 2800 895 2882 sapientem
916 2800 1085 2883 sequaris,
1108 2804 1164 2866 aut
1186 2800 1357 2866 attrahas:
1378 2799 1434 2865 ubi

262 2906 350 2972 enim
371 2905 469 2970 istum
490 2905 657 2985 invenies,
678 2923 776 2987 quem
797 2907 846 2970 tot
867 2905 981 2970 seculis
1002 2905 1217 2988 quaerimus?
1239 2923 1298 2987 pro
1310 2905 1434 2987 optimo

262 3014 330 3094 est,
352 3011 487 3076 minime
507 3010 632 3075 malus¹’
665 3010 719 3088 (de
741 3029 792 3076 an.
814 3013 923 3092 tranq.
945 3011 987 3090 7).

306 3115 442 3196 ,Omnia
474 3135 547 3180 cum
569 3116 673 3180 amico
694 3114 858 3196 delibera,
884 3116 942 3180 sed
964 3117 1005 3181 de
1025 3115 1096 3197 ipso
1118 3115 1217 3198 prius.
1252 3117 1331 3182 Post
1352 3115 1434 3181 ami·

262 3222 373 3290 citiam
403 3220 603 3287 credendum
635 3223 703 3302 est,
736 3223 812 3286 ante
841 3220 1017 3286 amicitiam
1038 3220 1258 3286 iudicandum.
1280 3220 1335 3286 Isti
1356 3239 1434 3287 vero

261 3329 473 3412 praepostere
484 3325 592 3391 officia
602 3325 809 3408 permiscent,
827 3325 883 3408 qui
895 3329 1195 3416 contrapraecepta
1206 3324 1435 3407 Theophrasti,

263 3452 338 3498 cum
369 3431 571 3512 amaverint,
600 3431 765 3508 iudicant,
797 3433 829 3495 et
860 3449 928 3496 non
956 3434 1091 3512 amant,
1115 3450 1188 3496 cum
1210 3429 1435 3497 iudicaverint.

262 3538 325 3605 Diu
359 3537 481 3618 cogita,
513 3555 555 3601 an
577 3536 636 3601 tibi
656 3536 691 3600 in
712 3536 888 3602 amicitiam
910 3536 1025 3619 aliquis
1046 3535 1250 3618 recipiendus
1272 3536 1332 3608 sit:
1361 3555 1435 3601 cum

262 3643 422 3727 placuerit
441 3642 531 3723 fieri,
553 3645 622 3707 toto
643 3642 734 3706 illum
754 3645 886 3725 pectore
908 3642 1063 3708 admitte:
1091 3645 1161 3707 tam
1183 3642 1340 3707 audacter
1360 3660 1435 3708 cum

262 3749 316 3816 illo
336 3749 488 3832 loquere,
511 3767 611 3830 quam
631 3751 750 3814 tecum.
792 3748 844 3813 Tu
865 3748 998 3830 quidem
1019 3748 1066 3813 ita
1085 3747 1179 3827 vive,
1200 3750 1237 3811 ut
1256 3747 1435 3813 nihilcom·

262 3855 394 3934 mittaS,
426 3853 488 3919 nisi
519 3853 608 3935 quod
635 3853 838 3919 committere
862 3854 961 3919 etiarn
982 3853 1112 3919 inimico
1135 3853 1257 3935 possis:
1279 3852 1338 3918 sed
1358 3852 1436 3935 quia

263 3958 487 4027 interveniunt
518 3958 702 4041 quaedam,
735 3977 820 4040 quae
852 3958 1052 4024 consuetudo
1084 3957 1160 4023 fecit
1187 3976 1331 4038 arcana,
1362 3979 1436 4025 curn

264 4065 369 4132 amico
401 4083 516 4130 omnes
538 4083 653 4145 curas,
678 4082 792 4130 omnes
813 4064 1024 4146 cogitationes
1045 4067 1119 4128 tuas
1141 4063 1249 4128 misce.
1290 4063 1435 4131 Fidelem

263 4170 292 4236 si
311 4169 497 4253 putaveris,
519 4169 627 4235 iacies.
668 4170 752 4234 Nam
774 4169 868 4235 multi
888 4168 999 4235 fallere
1018 4169 1207 4248 docuerunt,
1230 4168 1308 4234 dum
1319 4169 1437 4238 timent

264 4274 350 4343 falli:
372 4279 405 4342 et
426 4274 495 4343 aliis
516 4274 566 4340 ius
586 4274 743 4359 peccandi
764 4274 962 4358 suspicando
982 4275 1137 4340 lecerunt.
1178 4272 1265 4352 Quid
1286 4278 1335 4343 est
1349 4296 1436 4360 ergo,

264 4399 367 4478 quare
387 4382 454 4450 ulla
477 4381 580 4449 verba
602 4399 712 4449 coram
734 4380 839 4450 arnico
860 4379 1055 4449 retraham?
1076 4379 1245 4466 quidest,
1267 4399 1435 4464 quarente
