3382 5056
816 515 857 581 50

246 690 325 755 citas
355 711 502 773 poenae,
533 715 599 778 qua
629 715 732 778 usque
755 697 893 759 vexatur
914 695 1023 772 Nero,
1053 697 1122 772 est,
1144 694 1232 776 quod
1253 694 1338 758 bene
1359 693 1422 757 sibi

246 796 411 875 conscius,
444 798 521 880 quid
553 799 594 864 sit
616 801 750 876 uirtus,
781 819 882 881 quam
913 818 980 864 non
1013 799 1180 881 sequitur,
1202 797 1421 863 conscientiae

244 898 379 980 flagellis
400 903 572 968 cruciatur.
615 903 736 968 Omnia
758 907 932 976 tormenta,
954 923 1039 987 quae
1050 903 1241 969 Phalarides
1256 903 1420 983 excogita·

246 1008 383 1085 verunt,
404 1025 518 1072 omnes
539 1027 695 1088 pavoreS,
717 1010 773 1091 qui
794 1009 965 1090 Dionysius
981 1011 1231 1089 occupaverunt,
1253 1007 1420 1072 nibilsunt

246 1128 325 1190 prae
343 1110 453 1176 dolore
475 1113 563 1192 eius,
585 1114 640 1195 qui
663 1113 842 1179 exclamat:
863 1133 995 1178 necesse
1017 1116 1066 1178 est
1087 1133 1140 1177 me
1161 1113 1195 1177 in
1217 1114 1303 1177 diem
1316 1113 1415 1176 mise·

246 1214 366 1280 riorem
387 1215 476 1296 fieri,
498 1218 585 1299 quod
606 1217 780 1298 virtutem,
803 1237 902 1301 quam
925 1237 1086 1299 agnosco,
1108 1236 1173 1281 non
1196 1217 1284 1296 colo,
1306 1220 1337 1281 et
1349 1237 1420 1282 sce·

246 1319 315 1385 lera
345 1320 519 1385 sceleribus
534 1313 686 1387 'contexo
729 1323 824 1386 Hanc
855 1341 995 1404 poenam
1019 1323 1113 1387 luunt
1134 1341 1248 1386 omnes
1269 1321 1421 1403 tyranni,

247 1425 302 1507 qui
322 1423 508 1490 didicerunt.
540 1425 626 1491 Nam
647 1447 704 1490 rex
727 1427 970 1492 Dahomeianus
992 1428 1043 1491 vel
1056 1427 1420 1509 quivistyrannusgen·

246 1528 328 1592 tium
359 1529 503 1594 ferarum
532 1534 564 1595 et
583 1509 802 1596 barbararum
824 1531 986 1596 delabitur
1009 1532 1142 1613 quidem
1164 1530 1197 1595 in
1218 1531 1341 1608 imum,
1362 1530 1421 1596 sed

246 1652 313 1697 non
344 1633 518 1715 intellegit,
552 1653 619 1699 non
640 1635 739 1700 sentit
761 1655 853 1700 suam
875 1636 1064 1713 miseriam,
1087 1636 1283 1700 conscientia
1304 1635 1333 1699 ei
1355 1654 1422 1700 non

247 1739 431 1804 molestiam
453 1740 566 1817 affert3
587 1759 654 1805 non
676 1741 797 1805 didicit.
834 1741 970 1806 Summa
994 1741 1091 1820 igitur
1112 1740 1214 1805 Persii
1236 1741 1421 1821 imprecati·

247 1843 319 1908 onis
341 1844 501 1909 acerbitas
521 1845 604 1910 haec
623 1845 704 1909 mihi
726 1847 954 1910 essevidetur:
980 1845 1156 1910 Didiceriut
1167 1865 1271 1910 ornnes
1281 1849 1420 1928 tyranni.

287 1948 350 2027 At,
381 1949 528 2032 inquies,
562 1969 663 2032 quare
684 1970 751 2014 non
771 1951 856 2015 redit
877 1954 1036 2032 tyrannus
1059 1950 1101 2014 ad
1122 1950 1296 2030 virtutem,
1319 1970 1420 2032 quum

248 2053 328 2118 sciat
350 2054 552 2134 remedium,
574 2074 639 2136 quo
661 2055 794 2135 effugiat
814 2056 961 2119 miserias
982 2075 1068 2119 suas.
1101 2055 1154 2119 Ad
1175 2056 1237 2119 hoc
1259 2055 1352 2119 aliter
1369 2075 1421 2119 re·

247 2158 408 2237 spondere
429 2177 495 2223 non
516 2176 649 2240 possum
670 2159 750 2224 nisi:
771 2160 867 2224 Nullo
888 2160 1133 2240 modo'potest,
1162 2160 1223 2224 nisi
1245 2160 1340 2224 cedat
1362 2160 1420 2224 do·

247 2261 435 2326 minatione.
467 2262 556 2328 Licet
577 2264 606 2327 ei
628 2264 715 2328 exire
736 2265 842 2345 patria
865 2266 897 2328 et
917 2264 995 2328 locis
1016 2264 1135 2329 abditis
1157 2284 1191 2328 se
1214 2264 1334 2329 dedere
1345 2265 1419 2346 phi-

248 2366 416 2447 losophiae
448 2371 480 2432 et
510 2368 684 2433 honestum
714 2371 834 2450 petere.
875 2368 932 2432 Sin
954 2368 1100 2432 obtineat
1121 2369 1350 2450 tyrannidem,
1375 2371 1421 2447 ,ei

249 2473 526 2553 perseverandum
559 2476 627 2552 est,
659 2492 720 2537 nec
752 2473 794 2537 ad
825 2473 961 2537 meliora
992 2475 1083 2554 patet
1103 2474 1298 2554 regressus”.
1331 2474 1422 2538 Haec

249 2575 372 2640 misera
392 2579 607 2657 tyrannorum
629 2597 699 2642 sors
722 2581 779 2641 est.

288 2680 442 2744 Versibus
462 2681 503 2744 44
523 2701 595 2763 sqq.
617 2681 763 2763 procedit
784 2681 908 2759 oratio,
938 2700 1023 2762 quae
1041 2680 1095 2746 illa
1116 2681 1350 2761 imprecatione
1370 2684 1420 2747 in·

248 2785 407 2866 terrumpi
436 2785 573 2850 videtur.
617 2785 797 2851 Confitetur
830 2789 928 2866 poeta
961 2789 994 2850 et
1024 2805 1059 2850 se
1089 2786 1167 2849 olim
1198 2787 1421 2854 excusationes

249 2889 456 2972 quaesivisse,
477 2908 519 2953 ne
541 2889 687 2955 disceret.
723 2891 765 2954 At
785 2894 862 2955 tunc
884 2908 966 2970 puer
988 2894 1078 2954 erat:
1104 2889 1204 2967 „Sunt
1215 2891 1307 2971 pueri
1319 2892 1421 2972 pueri,

248 2994 341 3076 pueri
364 2994 499 3075 puerilia
520 2996 690 3059 tractent’'.
723 2995 773 3059 Tu
795 2997 925 3068 tamen,
948 2994 995 3059 ita
1015 2994 1196 3075 monet(vs.
1211 2995 1421 3077 bttepueris

249 3099 315 3164 iam
336 3098 518 3177 excessisti,
540 3102 577 3163 tu
599 3100 665 3162 iam
687 3099 826 3163 didicisti
847 3099 1014 3164 dinoscere
1035 3100 1157 3164 bonum
1179 3101 1421 3181 atquemalum,

249 3206 286 3267 tu
316 3203 460 3267 imbutus
486 3207 541 3267 'est
577 3204 727 3280 ,scientia
758 3205 921 3267 bonorum
952 3222 991 3266 ac
1021 3205 1181 3267 malorum
1207 3205 1421 3285 immutabili,

251 3326 335 3388 quae
356 3307 415 3371 soli
437 3307 661 3388 philosophiae
683 3308 846 3388 competit.
879 3307 974 3371 Nulla
996 3311 1105 3371 autem
1127 3327 1180 3372 ars
1202 3309 1265 3373 alia
1276 3311 1421 3375 debonis
1535 3369 1538 3374 .

251 3431 289 3476 ac
309 3412 402 3474 malis
423 3411 571 3493 quaerit”
593 3411 682 3489 (San.
705 3432 754 3492 ep.
776 3413 837 3485 88).
871 3412 923 3475 'l'u
945 3412 1116 3476 interfuisti
1133 3413 1167 3476 in
1189 3417 1280 3478 coetu
1293 3415 1421 3480 illorum

249 3516 424 3592 iuvenum,
447 3515 502 3598 qui
524 3516 622 3580 dediti
645 3520 721 3580 sunt
742 3514 967 3597 philosophiae
988 3516 1118 3581 stoicae.
1150 3517 1192 3580 Ut
1213 3518 1234 3581 ii
1255 3521 1287 3582 et
1297 3522 1333 3583 tu
1345 3521 1420 3584 olim

249 3639 377 3684 comam
398 3620 567 3684 totondisti
590 3640 628 3685 ac
647 3625 733 3685 totas
755 3624 867 3685 noctes
878 3621 1054 3685 lucubrasti
1070 3623 1128 3699 ⁴²),
1140 3641 1239 3703 parco
1251 3628 1283 3687 el
1294 3625 1420 3690 modico

250 3725 337 3790 victu
359 3727 529 3794 contentus
550 3731 606 3798 (vs.
629 3726 741 3806 allas),
764 3727 797 3790 in
820 3745 884 3808 quo
906 3727 1059 3790 saturitas
1071 3726 1148 3808 quin
1162 3727 1261 3791 etiarn
1272 3729 1421 3810 voluptas

251 3834 319 3910 est,
354 3831 519 3911 ,voluptas
551 3833 661 3896 autem
693 3850 759 3894 non
784 3831 839 3895 illa
859 3831 938 3894 levis
965 3834 997 3894 et
1017 3831 1115 3912 fugax
1135 3837 1166 3896 et
1187 3833 1325 3898 subinde
1345 3835 1420 3898 retr·
1516 3918 1520 3926 ⁵

251 3935 384 4014 cienda,
417 3936 475 4000 sed
496 3936 619 3999 stabilis
642 3939 674 4000 et
697 3940 793 4000 certa.
825 3937 898 4000 Non
921 3936 1007 4000 enirn
1030 3936 1171 4002 iucunda
1191 3957 1243 4002 res
1265 3942 1313 4002 est
1334 3959 1421 4020 aqua

251 4043 284 4104 et
304 4040 436 4120 polenta
458 4043 514 4104 aut
536 4040 673 4104 frustum
695 4039 846 4104 hordeaci
858 4040 970 4121 panis:
991 4042 1049 4105 sed
1062 4061 1191 4106 summa
1201 4044 1351 4122 voluptas
1363 4048 1420 4121 est,

249 4163 345 4226 posse
367 4163 483 4224 capere
506 4145 605 4210 etiam
626 4165 666 4208 ex
688 4145 737 4208 his
758 4145 977 4227 voluptatem,
1006 4149 1038 4209 et
1061 4147 1103 4210 ad
1124 4146 1158 4210 id
1179 4167 1214 4211 se
1235 4150 1420 4235 reduxisse,

251 4248 339 4331 quod
371 4248 497 4329 eripere
518 4249 607 4314 nulla
628 4249 778 4314 fortunae
798 4249 952 4331 iniquitas
974 4249 1096 4329 possit’'
1117 4252 1205 4329 (Sen.
1228 4271 1268 4333 ep
1303 4255 1359 4331 18).
1382 4257 1421 4320 Et

251 4359 287 4419 tu
318 4353 396 4420 olim
429 4353 490 4435 ,ad
517 4373 612 4418 veras
634 4353 763 4419 divitias
785 4357 817 4418 te
839 4354 1044 4419 convertisti:
1067 4355 1204 4420 didicisti
1226 4376 1328 4437 parvo
1350 4379 1420 4426 esse
