3382 5056
252 718 344 786 Haec
365 720 400 784 ut
421 716 640 799 cognoscatis,
661 714 882 798 physiologiae
905 715 1042 781 studete.

296 821 516 887 vehementur
546 819 716 886 dubitatur
747 819 833 885 inter
854 819 997 901 Stoicos,
1022 839 1087 901 quo
1109 819 1224 885 ordine
1245 819 1333 885 trina
1354 817 1427 902 phi-

254 925 422 1008 losophiae
443 925 611 1004 membra,
643 923 765 1006 logica,
790 923 1010 1007 physiologia.
1031 925 1138 991 ethica
1160 926 1335 992 tractanda
1356 925 1431 990 sint.

254 1031 406 1114 Plerique
436 1031 604 1113 physicam
634 1029 749 1098 ultimo
777 1030 847 1094 toco
868 1032 1005 1110 ponunt.
1037 1030 1168 1095 Persius
1190 1033 1301 1095 tamen
1323 1030 1433 1096 hicio

255 1119 406 1204 Panaetii
425 1134 657 1217 Posidoniique
677 1135 873 1200 sententiam
895 1134 1033 1216 pedibus
1054 1135 1101 1199 ire
1122 1135 1201 1199 mihi
1215 1135 1354 1216 videtur,
1376 1138 1432 1218 qui

257 1262 278 1308 a
297 1241 432 1324 physica
451 1240 580 1305 initium
600 1242 735 1304 sumunt
755 1239 806 1320 (ci.
828 1239 913 1320 Lips.
934 1240 1033 1321 Phys.
1055 1239 1111 1304 tib.
1134 1240 1147 1303 1
1168 1241 1243 1305 diss.
1268 1243 1308 1318 1).

299 1345 384 1425 Quid
413 1365 542 1424 eumue,
563 1344 641 1430 quid
661 1346 774 1409 victuri
792 1346 958 1428 piyutmur
973 1347 1040 1420 ⁴⁴):
1075 1345 1207 1422 ,Lauda
1227 1345 1261 1410 in
1283 1345 1353 1428 ipso
1376 1345 1432 1427 (se.

256 1431 419 1531 homine),
440 1449 528 1532 quod
550 1468 610 1514 nec
631 1449 711 1530 eripi
733 1451 860 1531 potest,
882 1468 942 1516 nec
962 1448 1057 1515 dari:
1079 1450 1168 1531 quod
1191 1451 1361 1532 proprium
1383 1453 1433 1516 est

258 1554 408 1621 hominis.
451 1551 606 1634 Quaene,
638 1552 717 1636 quid
748 1553 816 1618 sit?
842 1553 989 1626 animus,
1012 1557 1044 1620 et
1066 1555 1150 1620 ratio
1171 1554 1204 1619 in
1226 1555 1335 1622 animo
1356 1574 1432 1638 per-

259 1660 351 1726 fecta.
383 1659 549 1725 Rationale
580 1660 663 1724 euim
694 1660 815 1724 uuieuul
845 1666 890 1724 cst
919 1659 1008 1724 homo
1064 1659 1310 1726 Consummatur
1331 1668 1434 1746 traque

259 1767 326 1832 ciue
346 1765 478 1844 bouum,
498 1766 527 1830 si
547 1764 582 1829 id
602 1764 758 1848 impleuit,
779 1764 831 1828 cui
850 1766 1001 1830 nuscitur.
1036 1764 1184 1846 Quid'cst
1205 1773 1326 1846 autem,
1349 1766 1433 1849 quod

259 1869 297 1934 ab
327 1869 381 1934 ullo
401 1871 483 1934 ratio
504 1867 578 1934 hacc
597 1869 721 1953 euicit?
760 1869 838 1935 Rem
858 1870 1068 1950 facillimum,
1090 1871 1260 1936 secuudum
1282 1878 1434 1962 naturam

260 1995 352 2040 suum
372 1974 488 2040 oivcrc''
510 1974 598 2056 (Sen.
621 1994 672 2055 ep.
693 1975 730 2038 41
755 1974 789 2038 in
809 1974 898 2050 fine).

304 2081 443 2158 ,Totum
463 2079 542 2152 hoo,
575 2098 640 2161 quo
662 2078 866 2144 continemur
888 2083 921 2144 et
941 2099 1044 2146 unum
1065 2083 1133 2162 est,
1155 2084 1188 2146 et
1208 2081 1289 2147 deus
1310 2085 1379 2148 est:
1402 2087 1434 2149 et

262 2187 339 2250 socii
360 2187 427 2250 cius
447 2192 476 2250 ct
495 2184 634 2250 membru
654 2185 782 2249 sumuc'’
814 2185 904 2262 (Sen.
926 2205 975 2268 ep.
996 2186 1060 2262 97).

304 2289 428 2368 ,Omne
448 2289 529 2370 hoc,
550 2290 638 2372 quod
660 2289 770 2369 vides,
793 2308 858 2371 quo
885 2290 995 2355 divina
1013 2290 1269 2372 atquehumana
1282 2293 1433 2360 conclusa

262 2398 357 2477 sunt,
378 2414 480 2460 unum
502 2397 569 2460 est:
584 2394 729 2460 membru
748 2415 859 2460 eumue
879 2396 1016 2478 corporis
1038 2392 1167 2478 maurit(
1190 2394 1278 2473 (Seu.
1298 2415 1348 2478 ep.
1370 2397 1435 2477 95).

304 2499 471 2582 Gignimur
501 2500 598 2581 igitur
616 2499 684 2565 sive
704 2499 869 2566 nascimur
890 2500 933 2566 ad
953 2499 1055 2566 vitam
1075 2500 1254 2565 secundum
1276 2504 1430 2570 naturam

264 2605 457 2688 degendam.

304 2710 382 2791 Quis
412 2709 489 2775 ordo
520 2710 614 2775 dutus
644 2711 717 2776 cst?
745 2712 862 2777 Fatum
894 2707 1054 2789 circutum
1085 2719 1145 2771 τῶν
1176 2711 1299 2791 αἰτίων).
1343 2713 1434 2779 Multi

263 2815 435 2897 scriptores
457 2814 543 2880 hanc
563 2815 866 2897 interpretationem
878 2816 1103 2897 comprobant,
1125 2836 1164 2881 ex
1179 2817 1296 2898 quibus
1309 2817 1436 2883 adduco

262 2920 419 2986 Senecam
432 2923 567 3003 (quaest.
579 2923 644 2986 nat.
657 2920 710 2986 tib.
722 2921 758 2986 ΙΙ.
771 2941 797 2985 c.
806 2921 914 3000 35t36J:
930 2920 1233 2999 „Quemadmodum
1244 2922 1435 3005 rapidorum

263 3043 349 3108 aqua
369 3026 562 3092 torrentium
585 3026 618 3091 in
640 3046 674 3091 se
695 3045 762 3091 non
783 3026 939 3105 recurrit,
961 3045 1021 3091 nec
1041 3030 1190 3108 moratur
1203 3027 1344 3109 quidem,
1357 3027 1434 3110 quia

260 3131 404 3213 priorem
424 3133 656 3215 superveniens
668 3132 880 3214 praecipitat:
901 3131 1100 3197 sicordtucm
1112 3134 1296 3203 rerumfuti
1308 3141 1435 3199 aeterno
1560 3203 1561 3206 ,

261 3239 357 3302 scrico
376 3244 477 3318 rotat,
499 3238 588 3302 cuius
609 3237 691 3303 haec
711 3238 819 3319 prima
839 3239 890 3302 tex
911 3240 961 3302 est
981 3242 1068 3304 stare
1088 3238 1228 3304 decreto.
1251 3238 1337 3317 Quid
1348 3239 1434 3304 enim

262 3342 411 3424 intelligis
438 3343 570 3408 fatum?
603 3343 760 3408 Existimo
781 3343 1012 3408 necessitatem
1032 3362 1144 3408 rerum
1167 3343 1315 3409 omnium
1335 3343 1435 3410 actio-

261 3467 426 3531 numque,
447 3469 549 3531 quam
571 3449 662 3515 nulla
682 3448 730 3514 vis
752 3450 915 3531 rumpat”.

303 3554 451 3620 Eundem
482 3554 603 3637 (paullo
634 3555 748 3630 intrat:
782 3557 835 3633 „iu
865 3555 919 3620 iilo
949 3557 1015 3633 suti
1047 3555 1175 3620 ordtuc’'
1198 3557 1257 3621 cet.
1287 3556 1436 3623 Eundem

262 3660 327 3742 (ep.
341 3660 430 3736 107):
454 3660 517 3739 ,sic
526 3659 686 3741 vivamus,
696 3660 742 3725 sic
751 3661 944 3742 loquamur:
965 3664 1098 3740 paratos
1109 3679 1169 3725 nos
1180 3660 1436 3744 inveniat'atque

263 3765 417 3849 impigros
448 3765 561 3831 fatum.
592 3765 654 3830 Hic
675 3768 724 3830 est
745 3785 882 3847 magnus
904 3765 1052 3846 animus,
1074 3765 1185 3848 quise
1207 3765 1269 3831 deo
1291 3766 1436 3834 tradidit

262 3872 308 3937 At
327 3876 441 3938 contra
460 3871 513 3936 ilie
533 3871 668 3954 pusillus
690 3891 728 3938 ao
749 3871 900 3954 degener,
922 3871 978 3954 qui
1000 3871 1194 3961 obluctatur,
1216 3875 1249 3938 et
1270 3872 1310 3937 de
1326 3872 1436 3939 ordino

263 3975 376 4041 muudi
406 3977 493 4042 male
525 3976 706 4048 existimat,
740 3980 773 4042 et
805 3976 981 4042 emendare
1002 3976 1128 4041 mavult
1150 3976 1228 4041 deos
1249 3995 1349 4059 quam
1370 3980 1436 4043 se’¹.

302 4082 395 4164 Diog.
425 4082 592 4148 Laertium
622 4081 701 4161 (VH.
723 4081 822 4164 149);,
837 4081 919 4160 ,iore
939 4078 971 4142 δὲ
992 4080 1153 4158 εἱμαρμένη
1173 4083 1250 4143 αἰτία
1270 4090 1330 4142 τῶν
1346 4083 1435 4144 ὄντων

264 4186 403 4264 εἰρομένη,
426 4185 443 4259 ἢ
464 4189 557 4264 λόγος
577 4189 650 4251 καθ’
672 4186 702 4247 ὃν
723 4188 737 4249 ὁ
758 4189 874 4265 κόσμος
894 4187 1094 4269 διεξάγεται“’.

304 4291 495 4359 Ciceronem
524 4294 565 4358 de
597 4292 696 4360 divin.
728 4293 752 4358 1.
782 4292 923 4371 muru:
958 4293 1091 4373 ,Fatum
1114 4292 1148 4358 id
1169 4292 1315 4375 appello,
1347 4295 1436 4377 quod

265 4396 379 4468 Graeci
410 4397 597 4479 εἱμαρμένην,
630 4399 650 4465 i.
673 4418 701 4468 e.
728 4398 890 4484 ordinem,
922 4399 1105 4487 seriemque
1137 4416 1329 4484 causarum,
1361 4417 1435 4468 oum
