3382 5056
806 523 846 588 80

239 703 471 782 congruentem
493 699 650 782 degimus,
671 700 739 766 sive
760 700 849 766 sidus
871 704 1019 767 exortum
1033 703 1117 769 hora
1129 703 1281 769 natalicia
1292 723 1416 786 eorum,

239 824 322 889 quos
353 806 457 871 fatum
484 806 659 872 destinavit
680 807 800 871 amicos
821 807 909 882 fore,
942 807 1105 874 distribuit
1128 809 1223 874 nobis
1245 812 1416 892 tamquam

238 911 375 992 geminis
385 911 502 977 eodem
512 912 620 993 modo,
632 930 697 995 quo
708 912 852 994 gemellis
872 913 933 978 illis
946 912 1073 979 Castori
1094 917 1126 980 et
1137 915 1270 996 Polluci,
1282 915 1415 982 eosdem

240 1034 334 1081 casus
354 1015 516 1082 ferendos.

281 1121 455 1186 Concordia
475 1123 557 1192 sata.
592 1122 674 1187 Fato
694 1121 747 1187 hie
767 1140 834 1187 non
848 1122 1045 1203 intellegitur
1055 1126 1221 1189 necessitas
1231 1125 1283 1188 vel
1295 1123 1415 1207 lupiter

237 1225 327 1308 ipse,
349 1225 532 1309 unitatur,
560 1227 619 1290 sed
639 1226 692 1307 id,
725 1227 814 1309 quod
834 1227 956 1310 Iupiter
977 1229 1114 1309 effatur,
1135 1229 1232 1311 igitur
1252 1229 1305 1308 id,
1326 1230 1416 1312 quod

236 1336 345 1398 ratum
367 1352 405 1398 ac
429 1332 656 1397 constistutum
682 1335 739 1396 est.
771 1333 874 1398 Porro
896 1334 1078 1399 notandum
1101 1338 1150 1400 331
1171 1338 1324 1401 eos-ut
1347 1338 1415 1402 sta·

236 1438 334 1503 tuunt
354 1437 557 1520 astrologir
578 1438 633 1519 qui
655 1438 716 1502 sub
739 1437 949 1504 Geminorum
974 1441 1007 1504 31
1028 1440 1146 1505 Librae
1167 1440 1327 1505 sideribus
1345 1441 1415 1506 nati
1432 1525 1435 1534 Ι

237 1545 329 1623 sunt,
351 1542 483 1608 easdem
505 1542 692 1607 affectiones
714 1544 747 1606 et
768 1543 876 1608 studia
895 1545 1038 1622 habere;
1060 1546 1150 1611 sidus
1162 1545 1295 1612 Saturni
1307 1546 1415 1611 inimi-

237 1667 311 1713 oum
337 1651 370 1714 et
389 1648 542 1727 noxium,
564 1646 649 1712 lovis
671 1647 811 1711 amioum
833 1651 865 1712 et
885 1649 1063 1729 propitium
1084 1669 1171 1728 esse3
1198 1653 1414 1728 333331333-

234 1753 331 1837 933311
351 1755 384 1818 31
403 1752 598 1836 temperandi
618 1752 652 1816 in
673 1751 782 1834 lingua
804 1753 1040 1834 astrologorum
1061 1756 1231 1837 usurpari,
1253 1756 1338 1821 hanc
1353 1775 1412 1838 pro

236 1861 383 1940 miseere,
415 1859 504 1924 illam
536 1876 596 1939 pro
618 1857 787 1922 debilitare.
829 1858 895 1923 Sed
916 1859 1105 1924 omittamus
1125 1862 1186 1926 hos
1206 1880 1318 1926 versus
1338 1860 1415 1925 obs·

237 1982 341 2044 curos
363 1967 396 2028 et
416 1963 528 2028 Persio
548 1961 648 2026 fidem
658 1960 849 2043 habeamus
861 1962 980 2027 dicenti
991 1983 1026 2029 se
1037 1968 1070 2029 et
1080 1964 1262 2030 Cornutum
1272 1965 1344 2047 ipsa
1354 1966 1414 2032 lati

237 2070 405 2135 voluntate
427 2068 614 2133 coniunctos
635 2051 742 2131 fuisse.
765 2064 852 2130 Cave
873 2070 985 2132 tamen
1007 2088 1049 2132 ne
1060 2069 1281 2152 interpreteris
1293 2115 1302 2149 ,
1323 2071 1412 2136 sidus

238 2172 370 2255 aliquod
396 2191 455 2238 suo
486 2171 620 2237 arbitrio
651 2173 754 2236 sortes
786 2173 818 2236 et
850 2171 951 2237 vitam
982 2178 1129 2239 nostram
1156 2175 1351 2240 constituere
1373 2194 1412 2240 ae

236 2296 359 2360 regere.
399 2277 531 2359 Regunt
550 2275 798 2356 tantummodo,
820 2280 981 2358 quatenus
1002 2277 1106 2344 tatum
1130 2279 1237 2361 ipsum
1259 2279 1410 2345 decrevit.

238 2383 332 2462 (Vide
352 2401 424 2465 pag.
447 2381 484 2445 17
504 2382 536 2446 h.
558 2381 603 2460 d.)

279 2488 401 2553 11361.
434 2485 629 2552 Conferatur
659 2484 733 2550 Son.
756 2485 797 2550 de
818 2486 908 2553 brev.
929 2488 1016 2554 vitae
1037 2507 1061 2552 e.
1086 2490 1152 2554 15.:
1181 2489 1311 2554 lllorum
1330 2491 1405 2556 bre-

238 2593 372 2660 vissima
403 2611 441 2656 ao
472 2589 698 2656 sollicitissima
718 2593 810 2655 aetas
831 2595 898 2671 est,
931 2593 986 2674 qui
1007 2593 1258 2674 praeteritorum
1280 2594 1409 2661 oblivis·

239 2700 375 2778 cuntur,
404 2695 592 2778 praesentia
624 2695 817 2776 neglegunt,
839 2695 880 2760 de
904 2695 1011 2762 tuturo
1033 2697 1169 2763 timent:
1192 2718 1265 2764 oum
1287 2701 1331 2766 ad
1353 2721 1410 2767 ex-

9 2783 10 2874 Ῠ
118 2851 125 2869 .
238 2807 345 2870 trema
364 2801 533 2877 venerint,
564 2817 638 2864 sero
658 2799 849 2881 intellegunt
868 2801 999 2882 miseri,
1020 2802 1146 2868 tamdiu
1167 2822 1212 2884 se,
1235 2805 1314 2871 dum
1326 2805 1406 2871 nihil

238 2912 362 2992 agunt,
382 2909 557 2989 occupatos
578 2905 686 2969 fuisse.

278 3014 330 3079 Vs
351 3013 401 3078 61.
442 3012 525 3077 Tut
527 3028 623 3076 amen
646 3008 809 3076 Cornutet
831 3011 958 3077 animos
978 3012 1208 3093 discipulorum
1229 3015 1358 3081 mendis
1379 3020 1413 3083 et

238 3119 349 3203 pravis
380 3116 586 3201 opinionibus
617 3134 737 3197 purgas
769 3119 802 3180 et
833 3117 1411 3186 33331131331331331333111013

238 3227 317 3289 t.use
359 3223 395 3287 11
428 3222 517 3303 51133
549 3219 684 3286 Cultura
716 3222 827 3285 autem
858 3221 959 3287 animi
995 3223 1201 3304 philosophia
1233 3228 1301 3289 est:
1329 3227 1413 3292 haec

240 3334 293 3395 ext
279 3329 379 3395 trahit
400 3328 480 3393 31113
500 3325 674 3404 radicitus,
697 3328 729 3390 et
749 3329 926 3407 praeparat
947 3328 1073 3392 animos
1094 3329 1136 3392 ad
1148 3331 1238 3394 satus
1250 3329 1410 3412 accipien-

240 3436 318 3514 dos,
350 3453 455 3516 eaque
475 3431 612 3496 mandat
633 3429 690 3509 iis,
724 3432 776 3511 et,
797 3434 834 3494 ut
854 3431 900 3496 ita
921 3431 1048 3512 dicam,
1069 3433 1166 3514 serit,
1188 3454 1274 3516 quae
1299 3435 1412 3501 adulta

239 3542 362 3606 fructus
383 3537 565 3604 uberrimos
586 3534 702 3600 ferant.

279 3645 333 3710 Vs
354 3643 454 3724 611115.
496 3642 533 3706 ln
552 3639 794 3723 philosophiam
826 3641 978 3707 incumbe
1009 3644 1049 3707 o!
1079 3642 1214 3710 iuvenes
1243 3647 1276 3709 31
1295 3665 1410 3726 senes,

239 3751 303 3816 hac
327 3749 409 3814 duce
429 3747 529 3829 petite
549 3763 683 3828 scopum
705 3747 800 3810 vitae.
823 3745 908 3824 Quid
928 3746 979 3827 sit,
1001 3747 1183 3829 quaeritis?
1204 3749 1267 3813 hoc
1287 3768 1410 3815 unum:

243 3855 352 3936 „sequi
382 3852 567 3928 naturam”‚
598 3849 685 3929 (vide
705 3868 779 3930 pag.
801 3850 821 3913 4
841 3851 872 3914 h.
895 3851 960 3930 d.);
989 3852 1051 3917 hoo
1072 3871 1174 3918 unum
1196 3855 1411 3919 3311333333-

239 3961 381 4038 sariam,
407 3958 470 4022 hoe
501 3956 606 4020 solum
627 3955 837 4035 31311333351)
860 3955 893 4018 in
915 3956 1001 4020 vitae
1022 3957 1075 4022 via
1096 3960 1164 4035 est3
1195 3958 1284 4041 quod
1306 3959 1332 4024 31
1353 3978 1413 4024 ne·

242 4064 399 4146 31333313,
431 4063 465 4127 in
486 4063 652 4126 senectute
674 4059 784 4124 miseri
804 4059 905 4123 vitam
928 4061 1052 4143 degatis
1073 4081 1204 4128 necesse
1226 4068 1283 4128 est.
1325 4064 1411 4142 Quid

240 4167 367 4251 turpius
398 4166 531 4232 senibus
562 4164 642 4229 vitia
673 4182 848 4244 puerorum
880 4165 1106 4232 habentibus?
1145 4168 1268 4246 „Tenes
1299 4170 1411 4252 utique
1446 4254 1449 4260 Ι

242 4272 423 4352 memoria,
454 4273 614 4354 quantum
644 4268 783 4333 senseris
805 4269 978 4350 gaudium,
1002 4291 1075 4337 eum
1095 4276 1246 4354 praetexi
1248 4293 1266 4338 a
1283 4275 1410 4357 posita,

240 4374 988 4460 33333131131311333133313,3113133331
1019 4376 1178 4444 deductus
1212 4397 1266 4444 es:
1303 4380 1409 4446 maius
