3402 5056
852 545 890 611 m

283 728 434 807 optatur,
466 724 578 789 bonam
598 731 750 790 mentem:
781 727 889 790 cetera
909 743 1030 808 magno
1053 723 1232 790 aestimata¹
1245 717 1457 799 mortalibus,

286 829 385 894 eliam
404 829 504 911 siquis
525 829 659 894 domum
681 849 773 894 casus
797 829 963 910 attulerit,
986 829 1032 894 sio
1051 827 1190 906 intueri,
1211 823 1304 907 quasi
1320 825 1458 902 exitura,

286 953 352 1016 qua
382 934 558 999 venerint''.
601 934 692 999 Haec
719 933 845 1000 Seneca
866 935 900 999 in
924 934 1127 1017 praefatione
1147 933 1273 1015 quaest.
1295 933 1365 995 nat.
1385 927 1459 994 libri

286 1037 328 1101 lll
349 1039 494 1120 scripsit,
515 1038 632 1120 quibus
653 1036 829 1121 adjungere
850 1042 966 1122 potes:
992 1038 1094 1118 „Quid
1114 1036 1198 1103 votis
1219 1054 1301 1117 opus
1314 1037 1389 1101 est?
1407 1033 1460 1100 fac

286 1146 319 1207 te
340 1143 447 1224 ipsum
468 1143 611 1220 felicem3
633 1143 731 1208 facies
753 1147 873 1224 autem,
895 1144 922 1209 si
938 1143 1133 1209 intellexeris
1144 1143 1232 1207 bona
1244 1159 1326 1221 esse,
1341 1138 1459 1221 quibus

289 1247 429 1314 admista
450 1252 499 1312 est
519 1248 640 1312 virtus:
661 1249 789 1330 turpia,
807 1249 925 1332 quibus
947 1249 1073 1316 malitia
1094 1247 1266 1330 conjuncta
1288 1245 1355 1310 est’'
1368 1243 1461 1323 (Sen.

289 1372 340 1434 ep.
361 1353 423 1429 31).

330 1457 491 1523 Proximis
522 1457 669 1523 versibus
688 1459 844 1540 ¹(15-17)
875 1459 1005 1524 Persius
1027 1461 1121 1524 notat
1143 1455 1286 1522 eundern
1306 1453 1462 1533 stultum,

292 1563 348 1646 qui
367 1565 463 1645 putat
482 1581 517 1628 se
538 1565 699 1626 nocturna
719 1562 881 1628 insomnia
902 1566 935 1628 et.
954 1564 1078 1644 malas,
1099 1581 1182 1644 quas
1198 1562 1293 1626 nocte
1306 1557 1463 1639 concepit,

294 1669 503 1750 cogitationes
533 1687 629 1751 posse
661 1668 808 1750 expiare,
831 1672 863 1734 et
883 1673 994 1750 sperat
1014 1669 1083 1734 iore
1105 1671 1143 1734 ut
1162 1670 1323 1746 votorum,
1346 1682 1462 1745 quam·

294 1774 343 1839 vis
373 1773 565 1856 impiorum,
598 1793 729 1856 compos
755 1774 831 1856 fiat,
863 1775 1041 1840 dummodo
1062 1774 1162 1839 ritum
1189 1771 1383 1837 exteriorem
1396 1768 1464 1834 ’ob-

294 1883 410 1944 servet.
454 1879 550 1944 Hunc
580 1897 647 1944 non
677 1899 793 1944 verum
824 1880 961 1945 deorum
992 1881 1114 1945 cultum
1146 1897 1237 1958 esse,
1267 1895 1366 1943 nemo
1398 1881 1464 1948 non

294 1984 387 2050 facile
417 1985 583 2066 intelligit;
618 1986 739 2063 ,cultus
771 1989 881 2052 autem
913 1987 1049 2052 deorum
1081 1987 1129 2051 est
1150 1983 1292 2066 optimus
1313 1983 1466 2064 idemque

293 2088 491 2155 castissimus
522 2093 620 2172 atque
641 2090 862 2156 sanctissimus
883 2091 1154 2174 plenissimusque
1176 2089 1326 2172 pietatis,
1350 2092 1387 2155 ut
1410 2106 1466 2153 eos

293 2213 423 2276 semper
443 2215 545 2278 pura,
574 2197 701 2278 integra
722 2196 911 2279 incorrupta
932 2201 965 2263 et
984 2200 1096 2263 mente
1118 2199 1150 2261 et
1170 2213 1250 2260 voce
1260 2199 1466 2260 veneremur.

282 2299 367 2364 mon
388 2300 475 2365 enim
495 2302 678 2385 philosophi
699 2303 815 2382 solum,
833 2322 949 2368 verum
971 2303 1070 2369 etiam
1087 2301 1229 2367 maiores
1239 2299 1341 2367 nostri
1352 2318 1467 2383 super·

296 2404 463 2471 stitionem
485 2427 505 2472 a
526 2407 679 2490 religione
701 2409 967 2490 seperaverunr’.

335 2509 383 2574 ua
413 2511 540 2594 scripsit
571 2512 684 2578 onero
716 2513 770 2590 <ce
802 2517 869 2580 nat.
902 2514 992 2579 deor.
1024 2512 1061 2579 rr.
1088 2513 1149 2594 aa),
1181 2511 1237 2593 qur
1258 2511 1347 2577 naua
1369 2509 1468 2576 curre
1568 2473 1570 2478 ’
1670 2477 1675 2484 ’

296 2619 429 2696 paratus
457 2621 542 2683 esset
561 2617 764 2702 subscribere
785 2619 894 2685 verbis
914 2619 1080 2700 Senecae,
1101 2617 1128 2683 si
1153 2617 1302 2699 legisset:
1328 2615 1468 2698 ,Super-

296 2721 382 2786 stitio
414 2741 504 2786 error
534 2723 668 2788 insanus
706 2729 774 2805 est,
807 2726 966 2791 amandos
994 2725 1107 2804 timet,
1129 2741 1212 2806 quos
1233 2721 1326 2801 colit,
1347 2721 1468 2787 violat’'

297 2827 384 2904 (Sen.
406 2847 454 2908 ep.
477 2828 547 2909 ult.)
570 2833 602 2893 et
627 2829 697 2907 ,Vis
720 2831 803 2895 Deos
823 2830 1017 2913 propitiari?
1038 2830 1144 2894 bonus
1162 2830 1243 2893 esto.
1288 2826 1375 2892 Satis
1396 2827 1467 2893 illos

297 2933 391 3022 colit,
412 2932 557 3016 quisquis
579 2933 724 2999 imitatus
745 2935 811 2998 est”
832 2933 920 3008 (Sen.
942 2954 992 3015 ep.
1014 2935 1078 3010 95).

337 3037 490 3102 Versibus
503 3037 620 3101 17-28
630 3043 723 3120 rogat
733 3038 863 3103 Persius
873 3040 1018 3119 stultum,
1036 3057 1133 3120 quem
1145 3035 1299 3118 depingit:
1315 3035 1470 3115 „Qualem

298 3142 408 3206 Iovem
430 3161 500 3206 esse
530 3143 722 3208 existimas?
755 3145 854 3209 Estne
875 3145 969 3225 talis,
990 3148 1027 3209 ut
1048 3163 1123 3208 eum
1145 3141 1235 3208 Staio
1258 3141 1469 3223 (nequissimo

300 3247 429 3312 cuidam
455 3248 537 3329 viro)
558 3253 768 3330 praeponas?
798 3251 884 3316 Num
906 3250 1047 3328 dubitas,
1069 3253 1142 3313 uter
1162 3248 1280 3313 horum
1294 3246 1410 3312 melior
1431 3246 1473 3311 sit

300 3351 413 3432 iudex,
434 3355 507 3416 uter
528 3354 625 3418 rebus
645 3373 821 3436 puerorum
843 3357 999 3422 orborum
1020 3354 1136 3419 melius
1158 3353 1314 3419 consulat.
1355 3353 1472 3418 Nonne

300 3457 410 3522 lovem
431 3457 476 3521 illi
497 3459 687 3541 anteponis,
709 3460 830 3543 quippe
851 3461 906 3543 qui
928 3460 969 3525 sit
988 3459 1135 3526 omnium
1146 3461 1286 3539 curator,
1309 3456 1471 3538 etomnia,

302 3582 387 3646 quae
408 3561 518 3628 sutura
538 3567 627 3644 sunt,
649 3564 818 3630 noveriti”

234 3655 238 3664 ’
341 3667 404 3732 Hic
425 3668 554 3750 attingit
574 3671 672 3749 poeta
689 3669 930 3754 providentiam,
953 3688 1053 3752 quam
1074 3667 1222 3751 Epicurei
1243 3666 1474 3733 vehentissime

303 3772 503 3839 allatrabani
522 3773 658 3855 professi
683 3772 749 3853 ,οὐκ
772 3765 838 3835 εἶναι
859 3775 1024 3852 πρόνοιαν”,

343 3878 466 3944 Omitto
487 3879 851 3960 nunoprovidentiam,
873 3899 940 3962 qua
959 3881 1040 3946 deus
1056 3881 1163 3945 totum
1183 3877 1343 3943 mundum
1354 3877 1473 3958 guber-

303 3988 362 4050 nat
393 3988 426 4050 et
455 3984 662 4050 administrat
675 3987 744 4069 29);
777 4005 879 4067 quum
910 3988 1011 4068 poeta
1034 3985 1070 4049 in
1091 4002 1188 4048 versu
1208 3981 1475 4060 torneamentum

305 4089 360 4172 ἰδίᾳ
385 4090 562 4172 significet,
595 4092 744 4173 exempla
772 4092 928 4157 nonnulla
951 4090 1106 4169 afferam,
1129 4087 1246 4172 quibus
1266 4090 1358 4170 patet
1378 4089 1477 4155 deum

293 4215 372 4261 non
392 4197 498 4263 solum
519 4196 706 4262 hominibus
727 4197 786 4263 sed
807 4197 907 4262 etiam
927 4195 1078 4262 omnibus
1089 4194 1284 4260 animalibus
1295 4193 1476 4276 providere.

306 4301 408 4367 Sunt:
440 4301 504 4367 Cic.
533 4301 634 4368 Acad.
656 4301 706 4366 lV:
733 4301 849 4381 ,Stoici
878 4302 930 4368 dei
951 4301 1157 4368 maiestatem
1178 4318 1281 4384 usque
1303 4299 1346 4365 ad
1366 4298 1478 4381 apium

305 4409 580 4493 formicarumque
612 4410 845 4493 perlectionem
877 4409 1072 4477 deducunt’.
1118 4406 1192 4475 Seu.
1224 4425 1275 4488 ep.
1304 4405 1363 4472 95:
1388 4404 1478 4566 ,3Non
