<?xml version="1.0" encoding="UTF-8"?>
<!DOCTYPE html PUBLIC "-//W3C//DTD XHTML 1.0 Transitional//EN"
    "http://www.w3.org/TR/xhtml1/DTD/xhtml1-transitional.dtd">
<html xmlns="http://www.w3.org/1999/xhtml" xml:lang="en" lang="en">
 <head>
  <title>
</title>
<meta http-equiv="Content-Type" content="text/html;charset=utf-8" />
  <meta name='ocr-system' content='tesseract 3.04.00' />
  <meta name='ocr-capabilities' content='ocr_page ocr_carea ocr_par ocr_line ocrx_word'/>
</head>
<body>
  <div class='ocr_page' id='page_1' title='image "./derationestoica00houcgoog_0111.png"; bbox 0 0 3382 5056; ppageno 0'>
   <div class='ocr_carea' id='block_1_1' title="bbox 810 575 850 642">
    <p class='ocr_par' dir='ltr' id='par_1_1' title="bbox 810 575 850 642">
     <span class='ocr_line' id='line_1_1' title="bbox 810 575 850 642; baseline -0.025 0"><span class='ocrx_word' id='word_1_1' title='bbox 810 575 850 642; x_wconf 67' lang='lat'>92</span> 
     </span>
    </p>
   </div>
   <div class='ocr_carea' id='block_1_2' title="bbox 192 754 1454 4314">
    <p class='ocr_par' dir='ltr' id='par_1_2' title="bbox 240 754 1417 1262">
     <span class='ocr_line' id='line_1_2' title="bbox 243 754 1414 839; baseline -0.002 -16"><span class='ocrx_word' id='word_1_2' title='bbox 243 755 287 824; x_wconf 91' lang='lat' dir='ltr'>ad</span> <span class='ocrx_word' id='word_1_3' title='bbox 307 774 402 838; x_wconf 89' lang='lat' dir='ltr'>eam,</span> <span class='ocrx_word' id='word_1_4' title='bbox 421 773 465 823; x_wconf 88' lang='lat' dir='ltr'>ne</span> <span class='ocrx_word' id='word_1_5' title='bbox 484 758 566 823; x_wconf 90' lang='lat' dir='ltr'>tunc</span> <span class='ocrx_word' id='word_1_6' title='bbox 586 755 739 839; x_wconf 91' lang='lat' dir='ltr'>quidem,</span> <span class='ocrx_word' id='word_1_7' title='bbox 761 775 863 838; x_wconf 91' lang='lat' dir='ltr'>quum</span> <span class='ocrx_word' id='word_1_8' title='bbox 883 755 968 821; x_wconf 90' lang='lat' dir='ltr'>ultro</span> <span class='ocrx_word' id='word_1_9' title='bbox 989 754 1169 838; x_wconf 90' lang='lat' dir='ltr'>supplicat,</span> <span class='ocrx_word' id='word_1_10' title='bbox 1190 755 1218 821; x_wconf 93' lang='lat' dir='ltr'>si</span> <span class='ocrx_word' id='word_1_11' title='bbox 1239 757 1325 822; x_wconf 89' lang='lat' dir='ltr'>certe</span> <span class='ocrx_word' id='word_1_12' title='bbox 1347 774 1414 822; x_wconf 90' lang='lat' dir='ltr'>non</span> 
     </span>
     <span class='ocr_line' id='line_1_3' title="bbox 242 859 1417 944; baseline -0.004 -15"><span class='ocrx_word' id='word_1_13' title='bbox 242 880 360 944; x_wconf 85' lang='lat' dir='ltr'>corpus</span> <span class='ocrx_word' id='word_1_14' title='bbox 379 863 508 928; x_wconf 91' lang='lat' dir='ltr'>tantum</span> <span class='ocrx_word' id='word_1_15' title='bbox 529 861 640 928; x_wconf 91' lang='lat' dir='ltr'>sedet</span> <span class='ocrx_word' id='word_1_16' title='bbox 660 861 808 928; x_wconf 91' lang='lat' dir='ltr'>animum</span> <span class='ocrx_word' id='word_1_17' title='bbox 829 861 969 926; x_wconf 90' lang='lat' dir='ltr'>liberum</span> <span class='ocrx_word' id='word_1_18' title='bbox 980 859 1131 936; x_wconf 89' lang='lat' dir='ltr'>extulisti,</span> <span class='ocrx_word' id='word_1_19' title='bbox 1152 859 1179 925; x_wconf 94' lang='lat' dir='ltr'>si</span> <span class='ocrx_word' id='word_1_20' title='bbox 1191 879 1233 926; x_wconf 92' lang='lat' dir='ltr'>ne</span> <span class='ocrx_word' id='word_1_21' title='bbox 1243 859 1417 925; x_wconf 89' lang='lat' dir='ltr'>minimum</span> 
     </span>
     <span class='ocr_line' id='line_1_4' title="bbox 241 964 1417 1050; baseline -0.002 -18"><span class='ocrx_word' id='word_1_22' title='bbox 241 967 375 1050; x_wconf 92' lang='lat' dir='ltr'>quidem</span> <span class='ocrx_word' id='word_1_23' title='bbox 404 985 518 1034; x_wconf 87' lang='lat' dir='ltr'>semen</span> <span class='ocrx_word' id='word_1_24' title='bbox 549 967 670 1034; x_wconf 89' lang='lat' dir='ltr'>amoris</span> <span class='ocrx_word' id='word_1_25' title='bbox 691 986 769 1048; x_wconf 78' lang='lat' dir='ltr'>erga</span> <span class='ocrx_word' id='word_1_26' title='bbox 790 985 864 1033; x_wconf 90' lang='lat' dir='ltr'>eam</span> <span class='ocrx_word' id='word_1_27' title='bbox 884 967 919 1032; x_wconf 91' lang='lat' dir='ltr'>in</span> <span class='ocrx_word' id='word_1_28' title='bbox 940 967 1050 1032; x_wconf 74' lang='lat' dir='ltr'>mimo</span> <span class='ocrx_word' id='word_1_29' title='bbox 1071 969 1128 1032; x_wconf 91' lang='lat' dir='ltr'>tuo</span> <span class='ocrx_word' id='word_1_30' title='bbox 1151 969 1309 1047; x_wconf 78' lang='lat' dir='ltr'><strong>superest.</strong></span> <span class='ocrx_word' id='word_1_31' title='bbox 1331 964 1417 1031; x_wconf 89' lang='lat' dir='ltr'>Sub·</span> 
     </span>
     <span class='ocr_line' id='line_1_5' title="bbox 241 1069 1417 1155; baseline -0.002 -18"><span class='ocrx_word' id='word_1_32' title='bbox 241 1071 494 1154; x_wconf 83' lang='lat' dir='ltr'>intellegendum</span> <span class='ocrx_word' id='word_1_33' title='bbox 529 1074 598 1138; x_wconf 90' lang='lat' dir='ltr'>est:</span> <span class='ocrx_word' id='word_1_34' title='bbox 631 1072 709 1152; x_wconf 92' lang='lat' dir='ltr'>sed,</span> <span class='ocrx_word' id='word_1_35' title='bbox 731 1091 833 1155; x_wconf 89' lang='lat' dir='ltr'>quum</span> <span class='ocrx_word' id='word_1_36' title='bbox 854 1090 914 1155; x_wconf 93' lang='lat' dir='ltr'>pro</span> <span class='ocrx_word' id='word_1_37' title='bbox 936 1074 1023 1138; x_wconf 91' lang='lat' dir='ltr'>certo</span> <span class='ocrx_word' id='word_1_38' title='bbox 1044 1071 1187 1138; x_wconf 84' lang='lat' dir='ltr'>habeam</span> <span class='ocrx_word' id='word_1_39' title='bbox 1207 1074 1241 1136; x_wconf 93' lang='lat' dir='ltr'>te</span> <span class='ocrx_word' id='word_1_40' title='bbox 1263 1069 1417 1135; x_wconf 88' lang='lat' dir='ltr'>affectum</span> 
     </span>
     <span class='ocr_line' id='line_1_6' title="bbox 240 1175 1417 1262; baseline -0.001 -18"><span class='ocrx_word' id='word_1_41' title='bbox 240 1195 307 1244; x_wconf 89' lang='lat' dir='ltr'>non</span> <span class='ocrx_word' id='word_1_42' title='bbox 328 1176 536 1260; x_wconf 84' lang='lat' dir='ltr'>deposuisse,</span> <span class='ocrx_word' id='word_1_43' title='bbox 557 1197 624 1245; x_wconf 93' lang='lat' dir='ltr'>non</span> <span class='ocrx_word' id='word_1_44' title='bbox 647 1177 777 1259; x_wconf 89' lang='lat' dir='ltr'>dubito,</span> <span class='ocrx_word' id='word_1_45' title='bbox 798 1178 878 1262; x_wconf 92' lang='lat' dir='ltr'>quin</span> <span class='ocrx_word' id='word_1_46' title='bbox 889 1177 1013 1244; x_wconf 89' lang='lat' dir='ltr'>amicae</span> <span class='ocrx_word' id='word_1_47' title='bbox 1025 1181 1101 1244; x_wconf 91' lang='lat' dir='ltr'>tuae</span> <span class='ocrx_word' id='word_1_48' title='bbox 1114 1178 1200 1244; x_wconf 90' lang='lat' dir='ltr'>dicto</span> <span class='ocrx_word' id='word_1_49' title='bbox 1212 1175 1349 1242; x_wconf 87' lang='lat' dir='ltr'>audiens</span> <span class='ocrx_word' id='word_1_50' title='bbox 1360 1175 1417 1243; x_wconf 86' lang='lat' dir='ltr'>sis.</span> 
     </span>
    </p>

    <p class='ocr_par' dir='ltr' id='par_1_3' title="bbox 239 1280 1418 2630">
     <span class='ocr_line' id='line_1_7' title="bbox 280 1280 1418 1366; baseline 0.001 -21"><span class='ocrx_word' id='word_1_51' title='bbox 280 1281 335 1347; x_wconf 89' lang='lat' dir='ltr'>Vs.</span> <span class='ocrx_word' id='word_1_52' title='bbox 357 1281 423 1346; x_wconf 84' lang='lat'>174.</span> <span class='ocrx_word' id='word_1_53' title='bbox 454 1283 585 1349; x_wconf 85' lang='lat' dir='ltr'>Persius</span> <span class='ocrx_word' id='word_1_54' title='bbox 606 1286 719 1366; x_wconf 92' lang='lat' dir='ltr'>pectus</span> <span class='ocrx_word' id='word_1_55' title='bbox 740 1282 840 1365; x_wconf 78' lang='lat' dir='ltr'>digito</span> <span class='ocrx_word' id='word_1_56' title='bbox 861 1286 1053 1350; x_wconf 89' lang='lat' dir='ltr'>monstrans</span> <span class='ocrx_word' id='word_1_57' title='bbox 1076 1281 1255 1348; x_wconf 87' lang='lat' dir='ltr'>exclamat:</span> <span class='ocrx_word' id='word_1_58' title='bbox 1284 1280 1365 1361; x_wconf 92' lang='lat' dir='ltr'>Hic,</span> <span class='ocrx_word' id='word_1_59' title='bbox 1383 1281 1418 1346; x_wconf 91' lang='lat' dir='ltr'>in</span> 
     </span>
     <span class='ocr_line' id='line_1_8' title="bbox 240 1384 1415 1471; baseline 0 -19"><span class='ocrx_word' id='word_1_60' title='bbox 240 1388 393 1470; x_wconf 81' lang='lat' dir='ltr'>pectore,</span> <span class='ocrx_word' id='word_1_61' title='bbox 414 1389 482 1469; x_wconf 90' lang='lat' dir='ltr'>est,</span> <span class='ocrx_word' id='word_1_62' title='bbox 501 1406 598 1470; x_wconf 92' lang='lat' dir='ltr'>quem</span> <span class='ocrx_word' id='word_1_63' title='bbox 615 1391 663 1464; x_wconf 78' lang='lat'>⁶⁸)</span> <span class='ocrx_word' id='word_1_64' title='bbox 683 1387 889 1471; x_wconf 83' lang='lat' dir='ltr'>quaerimus!</span> <span class='ocrx_word' id='word_1_65' title='bbox 910 1389 947 1454; x_wconf 92' lang='lat' dir='ltr'>ln</span> <span class='ocrx_word' id='word_1_66' title='bbox 968 1387 1079 1453; x_wconf 91' lang='lat' dir='ltr'>animo</span> <span class='ocrx_word' id='word_1_67' title='bbox 1102 1387 1190 1453; x_wconf 89' lang='lat' dir='ltr'>enim</span> <span class='ocrx_word' id='word_1_68' title='bbox 1208 1388 1292 1452; x_wconf 90' lang='lat' dir='ltr'>latet</span> <span class='ocrx_word' id='word_1_69' title='bbox 1317 1384 1415 1452; x_wconf 92' lang='lat' dir='ltr'>liber·</span> 
     </span>
     <span class='ocr_line' id='line_1_9' title="bbox 239 1490 1418 1576; baseline -0.003 -20"><span class='ocrx_word' id='word_1_70' title='bbox 239 1491 383 1572; x_wconf 89' lang='lat' dir='ltr'>tas,1lle</span> <span class='ocrx_word' id='word_1_71' title='bbox 403 1491 438 1556; x_wconf 92' lang='lat' dir='ltr'>in</span> <span class='ocrx_word' id='word_1_72' title='bbox 457 1494 589 1575; x_wconf 91' lang='lat' dir='ltr'>pectore</span> <span class='ocrx_word' id='word_1_73' title='bbox 610 1496 660 1560; x_wconf 92' lang='lat' dir='ltr'>est</span> <span class='ocrx_word' id='word_1_74' title='bbox 680 1492 804 1576; x_wconf 89' lang='lat' dir='ltr'>positus</span> <span class='ocrx_word' id='word_1_75' title='bbox 824 1491 886 1571; x_wconf 83' lang='lat' dir='ltr'>(Gt.</span> <span class='ocrx_word' id='word_1_76' title='bbox 908 1492 993 1575; x_wconf 87' lang='lat' dir='ltr'>Lips.</span> <span class='ocrx_word' id='word_1_77' title='bbox 1015 1493 1109 1576; x_wconf 86' lang='lat' dir='ltr'>phys.</span> <span class='ocrx_word' id='word_1_78' title='bbox 1130 1492 1175 1557; x_wconf 90' lang='lat' dir='ltr'>lib</span> <span class='ocrx_word' id='word_1_79' title='bbox 1201 1490 1253 1557; x_wconf 93' lang='lat' dir='ltr'>llI.</span> <span class='ocrx_word' id='word_1_80' title='bbox 1269 1490 1342 1557; x_wconf 90' lang='lat' dir='ltr'>diss.</span> <span class='ocrx_word' id='word_1_81' title='bbox 1358 1491 1418 1568; x_wconf 89' lang='lat'>18).</span> 
     </span>
     <span class='ocr_line' id='line_1_10' title="bbox 242 1594 1418 1681; baseline 0 -20"><span class='ocrx_word' id='word_1_82' title='bbox 242 1594 348 1678; x_wconf 84' lang='lat' dir='ltr'>,Quid</span> <span class='ocrx_word' id='word_1_83' title='bbox 377 1595 437 1661; x_wconf 93' lang='lat' dir='ltr'>tibi</span> <span class='ocrx_word' id='word_1_84' title='bbox 467 1617 549 1681; x_wconf 91' lang='lat' dir='ltr'>opus</span> <span class='ocrx_word' id='word_1_85' title='bbox 580 1601 630 1665; x_wconf 91' lang='lat' dir='ltr'>est</span> <span class='ocrx_word' id='word_1_86' title='bbox 658 1602 695 1664; x_wconf 90' lang='lat' dir='ltr'>ut</span> <span class='ocrx_word' id='word_1_87' title='bbox 718 1598 762 1664; x_wconf 84' lang='lat' dir='ltr'>sis</span> <span class='ocrx_word' id='word_1_88' title='bbox 785 1599 918 1665; x_wconf 76' lang='lat' dir='ltr'>bonus?</span> <span class='ocrx_word' id='word_1_89' title='bbox 937 1599 1030 1664; x_wconf 85' lang='lat' dir='ltr'>velle.</span> <span class='ocrx_word' id='word_1_90' title='bbox 1062 1596 1148 1675; x_wconf 87' lang='lat' dir='ltr'>Quid</span> <span class='ocrx_word' id='word_1_91' title='bbox 1169 1600 1280 1663; x_wconf 89' lang='lat' dir='ltr'>autem</span> <span class='ocrx_word' id='word_1_92' title='bbox 1301 1595 1418 1661; x_wconf 85' lang='lat' dir='ltr'>melius</span> 
     </span>
     <span class='ocr_line' id='line_1_11' title="bbox 239 1701 1417 1787; baseline -0.001 -21"><span class='ocrx_word' id='word_1_93' title='bbox 239 1704 334 1783; x_wconf 89' lang='lat' dir='ltr'>potes</span> <span class='ocrx_word' id='word_1_94' title='bbox 353 1702 455 1784; x_wconf 85' lang='lat' dir='ltr'>velle,</span> <span class='ocrx_word' id='word_1_95' title='bbox 477 1723 578 1787; x_wconf 88' lang='lat' dir='ltr'>quam</span> <span class='ocrx_word' id='word_1_96' title='bbox 598 1703 723 1786; x_wconf 90' lang='lat' dir='ltr'>eripere</span> <span class='ocrx_word' id='word_1_97' title='bbox 744 1706 777 1769; x_wconf 92' lang='lat' dir='ltr'>te</span> <span class='ocrx_word' id='word_1_98' title='bbox 797 1704 872 1770; x_wconf 92' lang='lat' dir='ltr'>huic</span> <span class='ocrx_word' id='word_1_99' title='bbox 883 1704 1042 1784; x_wconf 88' lang='lat' dir='ltr'>servituti,</span> <span class='ocrx_word' id='word_1_100' title='bbox 1064 1722 1150 1787; x_wconf 87' lang='lat' dir='ltr'>quae</span> <span class='ocrx_word' id='word_1_101' title='bbox 1161 1722 1275 1768; x_wconf 91' lang='lat' dir='ltr'>omnes</span> <span class='ocrx_word' id='word_1_102' title='bbox 1287 1701 1417 1785; x_wconf 92' lang='lat' dir='ltr'>premit,</span> 
     </span>
     <span class='ocr_line' id='line_1_12' title="bbox 240 1804 1418 1893; baseline -0.002 -21"><span class='ocrx_word' id='word_1_103' title='bbox 240 1825 341 1888; x_wconf 89' lang='lat' dir='ltr'>quam</span> <span class='ocrx_word' id='word_1_104' title='bbox 360 1807 525 1892; x_wconf 91' lang='lat' dir='ltr'>mancipia</span> <span class='ocrx_word' id='word_1_105' title='bbox 546 1828 676 1893; x_wconf 91' lang='lat' dir='ltr'>quoque</span> <span class='ocrx_word' id='word_1_106' title='bbox 695 1809 887 1875; x_wconf 90' lang='lat' dir='ltr'>conditionis</span> <span class='ocrx_word' id='word_1_107' title='bbox 909 1811 1095 1888; x_wconf 78' lang='lat' dir='ltr'>extremae,</span> <span class='ocrx_word' id='word_1_108' title='bbox 1127 1807 1217 1873; x_wconf 89' lang='lat' dir='ltr'>etin</span> <span class='ocrx_word' id='word_1_109' title='bbox 1239 1805 1289 1872; x_wconf 89' lang='lat' dir='ltr'>his</span> <span class='ocrx_word' id='word_1_110' title='bbox 1312 1804 1418 1872; x_wconf 92' lang='lat' dir='ltr'>sordi·</span> 
     </span>
     <span class='ocr_line' id='line_1_13' title="bbox 239 1910 1416 1996; baseline 0 -19"><span class='ocrx_word' id='word_1_111' title='bbox 239 1910 302 1978; x_wconf 90' lang='lat' dir='ltr'>bus</span> <span class='ocrx_word' id='word_1_112' title='bbox 324 1915 423 1996; x_wconf 89' lang='lat' dir='ltr'>nata,</span> <span class='ocrx_word' id='word_1_113' title='bbox 443 1914 534 1979; x_wconf 90' lang='lat' dir='ltr'>omni</span> <span class='ocrx_word' id='word_1_114' title='bbox 554 1916 654 1980; x_wconf 91' lang='lat' dir='ltr'>modo</span> <span class='ocrx_word' id='word_1_115' title='bbox 675 1933 794 1981; x_wconf 85' lang='lat' dir='ltr'>exuere</span> <span class='ocrx_word' id='word_1_116' title='bbox 814 1917 1001 1981; x_wconf 80' lang='lat' dir='ltr'>conantur?</span> <span class='ocrx_word' id='word_1_117' title='bbox 1029 1912 1197 1979; x_wconf 79' lang='lat' dir='ltr'>Peculium</span> <span class='ocrx_word' id='word_1_118' title='bbox 1209 1929 1315 1993; x_wconf 90' lang='lat' dir='ltr'>suum,</span> <span class='ocrx_word' id='word_1_119' title='bbox 1327 1911 1416 1995; x_wconf 90' lang='lat' dir='ltr'>quod</span> 
     </span>
     <span class='ocr_line' id='line_1_14' title="bbox 243 2019 1416 2103; baseline 0.002 -22"><span class='ocrx_word' id='word_1_120' title='bbox 243 2022 517 2098; x_wconf 86' lang='lat' dir='ltr'>comparaverunt</span> <span class='ocrx_word' id='word_1_121' title='bbox 537 2023 651 2087; x_wconf 90' lang='lat' dir='ltr'>ventre</span> <span class='ocrx_word' id='word_1_122' title='bbox 672 2019 842 2097; x_wconf 88' lang='lat' dir='ltr'>fraudato,</span> <span class='ocrx_word' id='word_1_123' title='bbox 864 2039 925 2103; x_wconf 94' lang='lat' dir='ltr'>pro</span> <span class='ocrx_word' id='word_1_124' title='bbox 946 2019 1051 2102; x_wconf 91' lang='lat' dir='ltr'>capite</span> <span class='ocrx_word' id='word_1_125' title='bbox 1072 2019 1270 2085; x_wconf 90' lang='lat' dir='ltr'>numerant:</span> <span class='ocrx_word' id='word_1_126' title='bbox 1291 2020 1328 2085; x_wconf 92' lang='lat' dir='ltr'>tu</span> <span class='ocrx_word' id='word_1_127' title='bbox 1348 2036 1416 2084; x_wconf 92' lang='lat' dir='ltr'>non</span> 
     </span>
     <span class='ocr_line' id='line_1_15' title="bbox 242 2121 1416 2212; baseline 0.002 -24"><span class='ocrx_word' id='word_1_128' title='bbox 242 2121 450 2206; x_wconf 88' lang='lat' dir='ltr'>concupisces</span> <span class='ocrx_word' id='word_1_129' title='bbox 488 2126 742 2212; x_wconf 79' lang='lat' dir='ltr'>quanticumque</span> <span class='ocrx_word' id='word_1_130' title='bbox 782 2127 825 2194; x_wconf 92' lang='lat' dir='ltr'>ad</span> <span class='ocrx_word' id='word_1_131' title='bbox 855 2126 1040 2193; x_wconf 88' lang='lat' dir='ltr'>libertatem</span> <span class='ocrx_word' id='word_1_132' title='bbox 1070 2123 1262 2208; x_wconf 90' lang='lat' dir='ltr'>pervenire,</span> <span class='ocrx_word' id='word_1_133' title='bbox 1296 2123 1352 2206; x_wconf 92' lang='lat' dir='ltr'>qui</span> <span class='ocrx_word' id='word_1_134' title='bbox 1382 2126 1416 2190; x_wconf 88' lang='lat' dir='ltr'>te</span> 
     </span>
     <span class='ocr_line' id='line_1_16' title="bbox 241 2228 1416 2312; baseline 0.002 -19"><span class='ocrx_word' id='word_1_135' title='bbox 241 2228 339 2311; x_wconf 88' lang='lat' dir='ltr'>putas</span> <span class='ocrx_word' id='word_1_136' title='bbox 359 2228 393 2294; x_wconf 90' lang='lat' dir='ltr'>in</span> <span class='ocrx_word' id='word_1_137' title='bbox 415 2229 470 2296; x_wconf 89' lang='lat' dir='ltr'>illa</span> <span class='ocrx_word' id='word_1_138' title='bbox 489 2233 632 2298; x_wconf 75' lang='lat' dir='ltr'>natum?</span> <span class='ocrx_word' id='word_1_139' title='bbox 662 2231 749 2310; x_wconf 84' lang='lat' dir='ltr'>Quid</span> <span class='ocrx_word' id='word_1_140' title='bbox 770 2231 813 2298; x_wconf 88' lang='lat' dir='ltr'>ad</span> <span class='ocrx_word' id='word_1_141' title='bbox 836 2249 947 2297; x_wconf 89' lang='lat' dir='ltr'>arcam</span> <span class='ocrx_word' id='word_1_142' title='bbox 967 2234 1059 2297; x_wconf 89' lang='lat' dir='ltr'>tuam</span> <span class='ocrx_word' id='word_1_143' title='bbox 1079 2229 1238 2312; x_wconf 77' lang='lat' dir='ltr'>respicis?</span> <span class='ocrx_word' id='word_1_144' title='bbox 1260 2228 1324 2294; x_wconf 92' lang='lat' dir='ltr'>emi</span> <span class='ocrx_word' id='word_1_145' title='bbox 1347 2247 1416 2295; x_wconf 91' lang='lat' dir='ltr'>non</span> 
     </span>
     <span class='ocr_line' id='line_1_17' title="bbox 241 2334 1415 2419; baseline 0.001 -21"><span class='ocrx_word' id='word_1_146' title='bbox 241 2336 359 2416; x_wconf 90' lang='lat' dir='ltr'>potest.</span> <span class='ocrx_word' id='word_1_147' title='bbox 388 2335 502 2419; x_wconf 89' lang='lat' dir='ltr'>ltaque</span> <span class='ocrx_word' id='word_1_148' title='bbox 533 2337 567 2404; x_wconf 94' lang='lat' dir='ltr'>in</span> <span class='ocrx_word' id='word_1_149' title='bbox 598 2337 736 2404; x_wconf 83' lang='lat' dir='ltr'>tabellas</span> <span class='ocrx_word' id='word_1_150' title='bbox 756 2357 879 2404; x_wconf 89' lang='lat' dir='ltr'>vanum</span> <span class='ocrx_word' id='word_1_151' title='bbox 901 2336 1068 2404; x_wconf 89' lang='lat' dir='ltr'>coniicitur</span> <span class='ocrx_word' id='word_1_152' title='bbox 1089 2355 1211 2403; x_wconf 90' lang='lat' dir='ltr'>nomen</span> <span class='ocrx_word' id='word_1_153' title='bbox 1233 2334 1415 2401; x_wconf 85' lang='lat' dir='ltr'>libertatis:</span> 
     </span>
     <span class='ocr_line' id='line_1_18' title="bbox 241 2438 1415 2526; baseline -0.002 -20"><span class='ocrx_word' id='word_1_154' title='bbox 241 2457 342 2522; x_wconf 90' lang='lat' dir='ltr'>quam</span> <span class='ocrx_word' id='word_1_155' title='bbox 371 2459 432 2507; x_wconf 93' lang='lat' dir='ltr'>nec</span> <span class='ocrx_word' id='word_1_156' title='bbox 462 2441 518 2525; x_wconf 92' lang='lat' dir='ltr'>qui</span> <span class='ocrx_word' id='word_1_157' title='bbox 549 2446 718 2525; x_wconf 90' lang='lat' dir='ltr'>emerunt,</span> <span class='ocrx_word' id='word_1_158' title='bbox 746 2444 889 2523; x_wconf 88' lang='lat' dir='ltr'>habent,</span> <span class='ocrx_word' id='word_1_159' title='bbox 910 2462 972 2509; x_wconf 90' lang='lat' dir='ltr'>nec</span> <span class='ocrx_word' id='word_1_160' title='bbox 992 2443 1048 2526; x_wconf 90' lang='lat' dir='ltr'>qui</span> <span class='ocrx_word' id='word_1_161' title='bbox 1068 2441 1297 2508; x_wconf 89' lang='lat' dir='ltr'>vendiderunt.</span> <span class='ocrx_word' id='word_1_162' title='bbox 1341 2438 1415 2505; x_wconf 90' lang='lat' dir='ltr'>Tibi</span> 
     </span>
     <span class='ocr_line' id='line_1_19' title="bbox 241 2544 1220 2630; baseline 0.003 -21"><span class='ocrx_word' id='word_1_163' title='bbox 241 2544 300 2610; x_wconf 90' lang='lat' dir='ltr'>des</span> <span class='ocrx_word' id='word_1_164' title='bbox 320 2548 449 2628; x_wconf 91' lang='lat' dir='ltr'>oportet</span> <span class='ocrx_word' id='word_1_165' title='bbox 469 2546 557 2614; x_wconf 90' lang='lat' dir='ltr'>istud</span> <span class='ocrx_word' id='word_1_166' title='bbox 576 2548 720 2630; x_wconf 92' lang='lat' dir='ltr'>bonum,</span> <span class='ocrx_word' id='word_1_167' title='bbox 742 2567 762 2614; x_wconf 91' lang='lat' dir='ltr'>a</span> <span class='ocrx_word' id='word_1_168' title='bbox 782 2550 815 2613; x_wconf 94' lang='lat' dir='ltr'>te</span> <span class='ocrx_word' id='word_1_169' title='bbox 837 2549 950 2630; x_wconf 86' lang='lat' dir='ltr'>petas’&#39;</span> <span class='ocrx_word' id='word_1_170' title='bbox 972 2548 1037 2630; x_wconf 92' lang='lat' dir='ltr'>(ep.</span> <span class='ocrx_word' id='word_1_171' title='bbox 1057 2547 1098 2611; x_wconf 89' lang='lat'>80</span> <span class='ocrx_word' id='word_1_172' title='bbox 1119 2545 1220 2626; x_wconf 79' lang='lat' dir='ltr'>Sem).</span> 
     </span>
    </p>

    <p class='ocr_par' dir='ltr' id='par_1_4' title="bbox 192 2649 1417 3366">
     <span class='ocr_line' id='line_1_20' title="bbox 280 2649 1416 2733; baseline 0.002 -18"><span class='ocrx_word' id='word_1_173' title='bbox 280 2649 334 2715; x_wconf 91' lang='lat' dir='ltr'>Vs.</span> <span class='ocrx_word' id='word_1_174' title='bbox 357 2650 424 2716; x_wconf 89' lang='grc'><strong>176.</strong></span> <span class='ocrx_word' id='word_1_175' title='bbox 464 2652 609 2718; x_wconf 81' lang='lat' dir='ltr'>Putasne</span> <span class='ocrx_word' id='word_1_176' title='bbox 631 2652 840 2720; x_wconf 90' lang='lat' dir='ltr'>ambitiosum</span> <span class='ocrx_word' id='word_1_177' title='bbox 861 2673 932 2718; x_wconf 90' lang='lat' dir='ltr'>esse</span> <span class='ocrx_word' id='word_1_178' title='bbox 953 2653 1119 2718; x_wconf 80' lang='lat' dir='ltr'>liberum?</span> <span class='ocrx_word' id='word_1_179' title='bbox 1156 2649 1333 2733; x_wconf 89' lang='lat' dir='ltr'>,Relinque</span> <span class='ocrx_word' id='word_1_180' title='bbox 1345 2669 1416 2717; x_wconf 89' lang='lat' dir='ltr'>am·</span> 
     </span>
     <span class='ocr_line' id='line_1_21' title="bbox 240 2754 1417 2840; baseline 0 -18"><span class='ocrx_word' id='word_1_181' title='bbox 240 2754 366 2836; x_wconf 88' lang='lat' dir='ltr'>bitum;</span> <span class='ocrx_word' id='word_1_182' title='bbox 386 2755 513 2823; x_wconf 90' lang='lat' dir='ltr'>tumida</span> <span class='ocrx_word' id='word_1_183' title='bbox 533 2777 586 2824; x_wconf 89' lang='lat' dir='ltr'>res</span> <span class='ocrx_word' id='word_1_184' title='bbox 607 2760 665 2840; x_wconf 85' lang='lat' dir='ltr'>est,</span> <span class='ocrx_word' id='word_1_185' title='bbox 686 2755 793 2839; x_wconf 88' lang='lat' dir='ltr'>vana,</span> <span class='ocrx_word' id='word_1_186' title='bbox 815 2761 952 2824; x_wconf 90' lang='lat' dir='ltr'>ventosa</span> <span class='ocrx_word' id='word_1_187' title='bbox 970 2758 1095 2823; x_wconf 90' lang='lat' dir='ltr'>nullum</span> <span class='ocrx_word' id='word_1_188' title='bbox 1107 2756 1207 2822; x_wconf 90' lang='lat' dir='ltr'>habet</span> <span class='ocrx_word' id='word_1_189' title='bbox 1219 2755 1417 2837; x_wconf 80' lang='lat' dir='ltr'>terminum3</span> 
     </span>
     <span class='ocr_line' id='line_1_22' title="bbox 192 2860 1416 2947; baseline 0.002 -22"><span class='ocrx_word' id='word_1_190' title='bbox 192 2885 196 2893; x_wconf 93' lang='lat'><em>·</em></span> <span class='ocrx_word' id='word_1_191' title='bbox 240 2862 311 2926; x_wconf 91' lang='lat' dir='ltr'>tam</span> <span class='ocrx_word' id='word_1_192' title='bbox 341 2860 480 2929; x_wconf 89' lang='lat' dir='ltr'>sollicita</span> <span class='ocrx_word' id='word_1_193' title='bbox 511 2866 580 2946; x_wconf 91' lang='lat' dir='ltr'>est,</span> <span class='ocrx_word' id='word_1_194' title='bbox 600 2883 642 2930; x_wconf 92' lang='lat' dir='ltr'>ne</span> <span class='ocrx_word' id='word_1_195' title='bbox 674 2882 773 2947; x_wconf 91' lang='lat' dir='ltr'>quem</span> <span class='ocrx_word' id='word_1_196' title='bbox 794 2867 871 2930; x_wconf 91' lang='lat' dir='ltr'>ante</span> <span class='ocrx_word' id='word_1_197' title='bbox 902 2882 937 2929; x_wconf 92' lang='lat' dir='ltr'>se</span> <span class='ocrx_word' id='word_1_198' title='bbox 968 2863 1079 2929; x_wconf 88' lang='lat' dir='ltr'>videat</span> <span class='ocrx_word' id='word_1_199' title='bbox 1101 2880 1203 2946; x_wconf 90' lang='lat' dir='ltr'>quam</span> <span class='ocrx_word' id='word_1_200' title='bbox 1223 2881 1266 2928; x_wconf 90' lang='lat' dir='ltr'>ne</span> <span class='ocrx_word' id='word_1_201' title='bbox 1287 2865 1362 2944; x_wconf 90' lang='lat' dir='ltr'>post</span> <span class='ocrx_word' id='word_1_202' title='bbox 1380 2881 1416 2928; x_wconf 91' lang='lat' dir='ltr'>se</span> 
     </span>
     <span class='ocr_line' id='line_1_23' title="bbox 241 2965 1417 3053; baseline -0.001 -20"><span class='ocrx_word' id='word_1_203' title='bbox 241 2965 351 3033; x_wconf 86' lang='lat' dir='ltr'>ulium</span> <span class='ocrx_word' id='word_1_204' title='bbox 382 2967 526 3036; x_wconf 85' lang='lat' dir='ltr'>Laborat</span> <span class='ocrx_word' id='word_1_205' title='bbox 544 2968 667 3036; x_wconf 86' lang='lat' dir='ltr'>invidia</span> <span class='ocrx_word' id='word_1_206' title='bbox 688 2969 821 3053; x_wconf 89' lang='lat' dir='ltr'>quidem</span> <span class='ocrx_word' id='word_1_207' title='bbox 841 2968 981 3053; x_wconf 90' lang='lat' dir='ltr'>duplici”</span> <span class='ocrx_word' id='word_1_208' title='bbox 1003 2968 1094 3049; x_wconf 91' lang='lat' dir='ltr'>(Sen.</span> <span class='ocrx_word' id='word_1_209' title='bbox 1117 2987 1167 3049; x_wconf 92' lang='lat' dir='ltr'>ep.</span> <span class='ocrx_word' id='word_1_210' title='bbox 1189 2968 1252 3046; x_wconf 89' lang='lat'>85).</span> <span class='ocrx_word' id='word_1_211' title='bbox 1290 2967 1417 3048; x_wconf 87' lang='lat' dir='ltr'>,Habet</span> 
     </span>
     <span class='ocr_line' id='line_1_24' title="bbox 240 3070 1416 3157; baseline 0.002 -21"><span class='ocrx_word' id='word_1_212' title='bbox 240 3070 303 3137; x_wconf 94' lang='lat' dir='ltr'>hoc</span> <span class='ocrx_word' id='word_1_213' title='bbox 332 3071 446 3140; x_wconf 88' lang='lat' dir='ltr'>vitium</span> <span class='ocrx_word' id='word_1_214' title='bbox 474 3074 580 3141; x_wconf 89' lang='lat' dir='ltr'>onmis</span> <span class='ocrx_word' id='word_1_215' title='bbox 601 3075 757 3142; x_wconf 86' lang='lat' dir='ltr'>ambitio:</span> <span class='ocrx_word' id='word_1_216' title='bbox 778 3094 846 3142; x_wconf 91' lang='lat' dir='ltr'>non</span> <span class='ocrx_word' id='word_1_217' title='bbox 866 3073 1004 3157; x_wconf 86' lang='lat' dir='ltr'>respicit.</span> <span class='ocrx_word' id='word_1_218' title='bbox 1036 3073 1103 3140; x_wconf 91' lang='lat' dir='ltr'>Nec</span> <span class='ocrx_word' id='word_1_219' title='bbox 1127 3072 1262 3140; x_wconf 91' lang='lat' dir='ltr'>ambitio</span> <span class='ocrx_word' id='word_1_220' title='bbox 1285 3075 1416 3138; x_wconf 89' lang='lat' dir='ltr'>tantum</span> 
     </span>
     <span class='ocr_line' id='line_1_25' title="bbox 240 3175 1416 3263; baseline 0.002 -21"><span class='ocrx_word' id='word_1_221' title='bbox 240 3175 399 3245; x_wconf 89' lang='lat' dir='ltr'>instabilis</span> <span class='ocrx_word' id='word_1_222' title='bbox 433 3183 501 3262; x_wconf 92' lang='lat' dir='ltr'>est,</span> <span class='ocrx_word' id='word_1_223' title='bbox 532 3199 648 3248; x_wconf 84' lang='lat' dir='ltr'>verum</span> <span class='ocrx_word' id='word_1_224' title='bbox 680 3180 840 3263; x_wconf 90' lang='lat' dir='ltr'>cupiditas</span> <span class='ocrx_word' id='word_1_225' title='bbox 861 3179 988 3246; x_wconf 90' lang='lat' dir='ltr'>omnis:</span> <span class='ocrx_word' id='word_1_226' title='bbox 1011 3178 1089 3261; x_wconf 87' lang='lat' dir='ltr'>quia</span> <span class='ocrx_word' id='word_1_227' title='bbox 1111 3178 1224 3262; x_wconf 90' lang='lat' dir='ltr'>incipit</span> <span class='ocrx_word' id='word_1_228' title='bbox 1244 3197 1416 3262; x_wconf 88' lang='lat' dir='ltr'>sempera</span> 
     </span>
     <span class='ocr_line' id='line_1_26' title="bbox 242 3281 1065 3366; baseline 0.012 -19"><span class='ocrx_word' id='word_1_229' title='bbox 242 3281 328 3348; x_wconf 87' lang='lat' dir='ltr'>fine”</span> <span class='ocrx_word' id='word_1_230' title='bbox 349 3285 413 3366; x_wconf 88' lang='lat' dir='ltr'>(ep.</span> <span class='ocrx_word' id='word_1_231' title='bbox 435 3285 475 3350; x_wconf 84' lang='lat'>73</span> <span class='ocrx_word' id='word_1_232' title='bbox 495 3284 595 3362; x_wconf 80' lang='lat' dir='ltr'>Sem).</span> <span class='ocrx_word' id='word_1_233' title='bbox 1064 3313 1065 3316; x_wconf 44' lang='lat'>¹</span> 
     </span>
    </p>

    <p class='ocr_par' dir='ltr' id='par_1_5' title="bbox 239 3386 1454 4314">
     <span class='ocr_line' id='line_1_27' title="bbox 281 3386 1415 3473; baseline 0 -19"><span class='ocrx_word' id='word_1_234' title='bbox 281 3386 354 3466; x_wconf 88' lang='lat' dir='ltr'>Qua</span> <span class='ocrx_word' id='word_1_235' title='bbox 383 3388 417 3454; x_wconf 90' lang='lat' dir='ltr'>in</span> <span class='ocrx_word' id='word_1_236' title='bbox 445 3392 539 3473; x_wconf 87' lang='lat' dir='ltr'>parte</span> <span class='ocrx_word' id='word_1_237' title='bbox 569 3408 616 3458; x_wconf 87' lang='lat' dir='ltr'>vs.</span> <span class='ocrx_word' id='word_1_238' title='bbox 639 3389 702 3470; x_wconf 91' lang='lat' dir='ltr'>,At</span> <span class='ocrx_word' id='word_1_239' title='bbox 731 3409 807 3456; x_wconf 89' lang='lat' dir='ltr'>cum</span> <span class='ocrx_word' id='word_1_240' title='bbox 838 3388 979 3456; x_wconf 90' lang='lat' dir='ltr'>Herodis</span> <span class='ocrx_word' id='word_1_241' title='bbox 1012 3389 1093 3455; x_wconf 87' lang='lat' dir='ltr'>cet.’&#39;</span> <span class='ocrx_word' id='word_1_242' title='bbox 1121 3389 1322 3457; x_wconf 87' lang='lat' dir='ltr'>cohaereant</span> <span class='ocrx_word' id='word_1_243' title='bbox 1341 3406 1415 3454; x_wconf 90' lang='lat' dir='ltr'>cum</span> 
     </span>
     <span class='ocr_line' id='line_1_28' title="bbox 239 3493 1454 3577; baseline 0 -18"><span class='ocrx_word' id='word_1_244' title='bbox 239 3493 530 3577; x_wconf 90' lang='lat' dir='ltr'>praecedentibus,</span> <span class='ocrx_word' id='word_1_245' title='bbox 561 3514 628 3562; x_wconf 92' lang='lat' dir='ltr'>non</span> <span class='ocrx_word' id='word_1_246' title='bbox 658 3495 765 3562; x_wconf 86' lang='lat' dir='ltr'>video.</span> <span class='ocrx_word' id='word_1_247' title='bbox 810 3493 880 3562; x_wconf 87' lang='lat' dir='ltr'>lam</span> <span class='ocrx_word' id='word_1_248' title='bbox 902 3493 1042 3560; x_wconf 83' lang='lat' dir='ltr'>vidimus</span> <span class='ocrx_word' id='word_1_249' title='bbox 1063 3493 1097 3560; x_wconf 92' lang='lat' dir='ltr'>in</span> <span class='ocrx_word' id='word_1_250' title='bbox 1118 3494 1220 3560; x_wconf 90' lang='lat' dir='ltr'>satira</span> <span class='ocrx_word' id='word_1_251' title='bbox 1240 3493 1268 3559; x_wconf 98' lang='lat' dir='ltr'>ll</span> <span class='ocrx_word' id='word_1_252' title='bbox 1290 3494 1415 3560; x_wconf 91' lang='lat' dir='ltr'>Stoicos</span> <span class='ocrx_word' id='word_1_253' title='bbox 1451 3515 1454 3527; x_wconf 91' lang='lat'><em>·</em></span> 
     </span>
     <span class='ocr_line' id='line_1_29' title="bbox 241 3598 1414 3683; baseline 0 -19"><span class='ocrx_word' id='word_1_254' title='bbox 241 3599 504 3680; x_wconf 87' lang='lat' dir='ltr'>superstitionem</span> <span class='ocrx_word' id='word_1_255' title='bbox 525 3600 621 3667; x_wconf 90' lang='lat' dir='ltr'>valde</span> <span class='ocrx_word' id='word_1_256' title='bbox 642 3600 827 3668; x_wconf 87' lang='lat' dir='ltr'>damnasse.</span> <span class='ocrx_word' id='word_1_257' title='bbox 858 3600 964 3683; x_wconf 77' lang='lat' dir='ltr'>Lege,</span> <span class='ocrx_word' id='word_1_258' title='bbox 985 3617 1070 3682; x_wconf 92' lang='lat' dir='ltr'>quae</span> <span class='ocrx_word' id='word_1_259' title='bbox 1090 3598 1136 3665; x_wconf 91' lang='lat' dir='ltr'>ibi</span> <span class='ocrx_word' id='word_1_260' title='bbox 1159 3599 1326 3668; x_wconf 86' lang='lat' dir='ltr'>annotavi.</span> <span class='ocrx_word' id='word_1_261' title='bbox 1347 3599 1414 3665; x_wconf 90' lang='lat' dir='ltr'>Re·</span> 
     </span>
     <span class='ocr_line' id='line_1_30' title="bbox 241 3703 1413 3790; baseline 0.003 -21"><span class='ocrx_word' id='word_1_262' title='bbox 241 3703 376 3788; x_wconf 78' lang='lat' dir='ltr'>ligiones</span> <span class='ocrx_word' id='word_1_263' title='bbox 405 3704 517 3786; x_wconf 90' lang='lat' dir='ltr'>Isidis,</span> <span class='ocrx_word' id='word_1_264' title='bbox 549 3704 706 3790; x_wconf 85' lang='lat' dir='ltr'>Cybeles,</span> <span class='ocrx_word' id='word_1_265' title='bbox 736 3704 888 3788; x_wconf 87' lang='lat' dir='ltr'>Iudaica,</span> <span class='ocrx_word' id='word_1_266' title='bbox 915 3705 1018 3771; x_wconf 91' lang='lat' dir='ltr'>Persii</span> <span class='ocrx_word' id='word_1_267' title='bbox 1039 3707 1147 3771; x_wconf 88' lang='lat' dir='ltr'>aetate</span> <span class='ocrx_word' id='word_1_268' title='bbox 1168 3704 1296 3773; x_wconf 92' lang='lat' dir='ltr'>Romae</span> <span class='ocrx_word' id='word_1_269' title='bbox 1316 3704 1413 3773; x_wconf 90' lang='lat' dir='ltr'>valde</span> 
     </span>
     <span class='ocr_line' id='line_1_31' title="bbox 241 3807 1414 3894; baseline 0.001 -17"><span class='ocrx_word' id='word_1_270' title='bbox 241 3807 423 3892; x_wconf 87' lang='lat' dir='ltr'>florebant,</span> <span class='ocrx_word' id='word_1_271' title='bbox 444 3813 476 3878; x_wconf 92' lang='lat' dir='ltr'>et</span> <span class='ocrx_word' id='word_1_272' title='bbox 495 3810 615 3878; x_wconf 84' lang='lat' dir='ltr'>multos</span> <span class='ocrx_word' id='word_1_273' title='bbox 635 3811 856 3879; x_wconf 90' lang='lat' dir='ltr'>numerabant</span> <span class='ocrx_word' id='word_1_274' title='bbox 877 3813 1064 3878; x_wconf 91' lang='lat' dir='ltr'>sectatores.</span> <span class='ocrx_word' id='word_1_275' title='bbox 1095 3809 1296 3894; x_wconf 89' lang='lat' dir='ltr'>Philosophi,</span> <span class='ocrx_word' id='word_1_276' title='bbox 1317 3829 1414 3894; x_wconf 90' lang='lat' dir='ltr'>prae·</span> 
     </span>
     <span class='ocr_line' id='line_1_32' title="bbox 240 3914 1414 4000; baseline -0.001 -17"><span class='ocrx_word' id='word_1_277' title='bbox 240 3916 354 3984; x_wconf 88' lang='lat' dir='ltr'>sertim</span> <span class='ocrx_word' id='word_1_278' title='bbox 374 3914 493 3997; x_wconf 90' lang='lat' dir='ltr'>Stoici,</span> <span class='ocrx_word' id='word_1_279' title='bbox 522 3934 578 3982; x_wconf 91' lang='lat' dir='ltr'>eos</span> <span class='ocrx_word' id='word_1_280' title='bbox 598 3917 838 4000; x_wconf 89' lang='lat' dir='ltr'>superstitiosos</span> <span class='ocrx_word' id='word_1_281' title='bbox 860 3915 1103 4000; x_wconf 88' lang='lat' dir='ltr'>despiciebant,</span> <span class='ocrx_word' id='word_1_282' title='bbox 1125 3919 1158 3981; x_wconf 90' lang='lat' dir='ltr'>et</span> <span class='ocrx_word' id='word_1_283' title='bbox 1178 3915 1316 3983; x_wconf 88' lang='lat' dir='ltr'>ludaeos</span> <span class='ocrx_word' id='word_1_284' title='bbox 1339 3935 1414 3982; x_wconf 89' lang='lat' dir='ltr'>cum</span> 
     </span>
     <span class='ocr_line' id='line_1_33' title="bbox 242 4019 1413 4106; baseline -0.002 -16"><span class='ocrx_word' id='word_1_285' title='bbox 242 4020 435 4090; x_wconf 83' lang='lat' dir='ltr'>Christianis</span> <span class='ocrx_word' id='word_1_286' title='bbox 455 4023 489 4089; x_wconf 91' lang='lat' dir='ltr'>et</span> <span class='ocrx_word' id='word_1_287' title='bbox 509 4040 584 4104; x_wconf 90' lang='lat' dir='ltr'>eos,</span> <span class='ocrx_word' id='word_1_288' title='bbox 605 4021 800 4106; x_wconf 91' lang='lat' dir='ltr'>quilsidem,</span> <span class='ocrx_word' id='word_1_289' title='bbox 822 4020 967 4106; x_wconf 85' lang='lat' dir='ltr'>Cybelen</span> <span class='ocrx_word' id='word_1_290' title='bbox 977 4021 1030 4090; x_wconf 84' lang='lat' dir='ltr'>vel</span> <span class='ocrx_word' id='word_1_291' title='bbox 1040 4020 1189 4106; x_wconf 88' lang='lat' dir='ltr'>quemvis</span> <span class='ocrx_word' id='word_1_292' title='bbox 1202 4019 1302 4088; x_wconf 88' lang='lat' dir='ltr'>alium</span> <span class='ocrx_word' id='word_1_293' title='bbox 1313 4021 1413 4088; x_wconf 90' lang='lat' dir='ltr'>deum</span> 
     </span>
     <span class='ocr_line' id='line_1_34' title="bbox 240 4127 1415 4221; baseline 0.003 -27"><span class='ocrx_word' id='word_1_294' title='bbox 240 4128 504 4211; x_wconf 84' lang='lat' dir='ltr'>venerabantur,</span> <span class='ocrx_word' id='word_1_295' title='bbox 534 4147 601 4195; x_wconf 89' lang='lat' dir='ltr'>uno</span> <span class='ocrx_word' id='word_1_296' title='bbox 633 4127 747 4197; x_wconf 89' lang='lat' dir='ltr'>ordine</span> <span class='ocrx_word' id='word_1_297' title='bbox 779 4127 955 4221; x_wconf 20' lang='lat' dir='ltr'>habeb-ant</span> <span class='ocrx_word' id='word_1_298' title='bbox 979 4127 1040 4208; x_wconf 82' lang='lat' dir='ltr'>(Gi.</span> <span class='ocrx_word' id='word_1_299' title='bbox 1063 4127 1158 4196; x_wconf 89' lang='lat' dir='ltr'>Plinii</span> <span class='ocrx_word' id='word_1_300' title='bbox 1182 4127 1354 4212; x_wconf 84' lang='lat' dir='ltr'>epistolam</span> <span class='ocrx_word' id='word_1_301' title='bbox 1375 4127 1415 4197; x_wconf 82' lang='lat'>96</span> 
     </span>
     <span class='ocr_line' id='line_1_35' title="bbox 243 4231 464 4314; baseline -0.036 -10"><span class='ocrx_word' id='word_1_302' title='bbox 243 4234 293 4304; x_wconf 83' lang='lat' dir='ltr'>ed.</span> <span class='ocrx_word' id='word_1_303' title='bbox 314 4231 464 4314; x_wconf 71' lang='lat' dir='ltr'>leuba).</span> 
     </span>
    </p>
   </div>
   <div class='ocr_carea' id='block_1_3' title="bbox 730 4361 925 4377">
    <p class='ocr_par' dir='ltr' id='par_1_6' title="bbox 730 4361 925 4377">
     <span class='ocr_line' id='line_1_36' title="bbox 730 4361 925 4377; baseline 0.005 -1"><span class='ocrx_word' id='word_1_304' title='bbox 730 4361 925 4377; x_wconf 50' lang='lat' dir='ltr'>hm</span> 
     </span>
    </p>
   </div>
   <div class='ocr_carea' id='block_1_4' title="bbox 0 0 1696 5056">
    <p class='ocr_par' dir='ltr' id='par_1_7' title="bbox 0 0 1696 5056">
     <span class='ocr_line' id='line_1_37' title="bbox 0 0 1696 5056; baseline 0 0"><span class='ocrx_word' id='word_1_305' title='bbox 0 0 1696 5056; x_wconf 95' lang='lat' dir='ltr'> </span> 
     </span>
    </p>
   </div>
  </div>
 </body>
</html>
