3402 5056
837 561 856 626 8

213 781 218 802 ,
298 743 420 809 Omnes
442 742 605 825 sapientes
636 743 658 808 i.
680 762 707 807 e.
729 761 862 821 omnes,
887 742 943 825 qui
964 742 1118 822 virtutem
1139 743 1316 825 possident,
1337 763 1434 826 pares

256 851 341 914 sunt
372 848 410 912 lu
429 847 548 912 virtute
569 848 648 912 nutli
668 851 745 913 sunt
765 848 906 928 gradus,
927 866 988 913 nec
1008 849 1183 930 quisquam
1203 852 1312 930 potest
1322 849 1427 931 magis

256 951 405 1018 minusve
435 953 557 1034 probus
587 971 668 1018 esse.
710 951 780 1017 Hoc
799 954 945 1034 sequitur
967 972 1006 1017 ex
1029 953 1159 1018 decreto
1187 973 1307 1032 ,unum
1329 954 1430 1019 modo

257 1057 357 1123 tinem
378 1077 468 1136 esse,
493 1076 558 1139 quo
579 1057 774 1135 tendamus3
797 1057 861 1122 alia
882 1060 1048 1138 petentem
1062 1059 1226 1140 peccare’'.
1250 1059 1432 1124 Nonrelin·

259 1166 364 1245 quunt
394 1161 492 1227 Stoici
514 1162 656 1227 mediam
677 1161 846 1244 quandam
867 1162 975 1238 viam;
1001 1163 1113 1230 virtuti.
1135 1167 1192 1228 aut
1214 1163 1364 1228 omnibus
1384 1163 1434 1227 vi-

189 1332 191 1338 .
258 1268 348 1333 ribus
379 1271 436 1332 aut
466 1267 601 1348 omnino¹
632 1286 700 1332 non
731 1268 877 1332 inservis,
919 1266 992 1344 Qua
1023 1269 1056 1332 in
1089 1288 1124 1333 re
1158 1270 1340 1351 congruunt
1360 1287 1434 1332 cum

259 1372 436 1439 christiana
466 1372 640 1453 religione,
676 1391 762 1453 quae
786 1371 993 1453 praescribit,
1026 1377 1062 1436 ut
1083 1373 1231 1455 sequaris
1252 1376 1310 1438 aut
1331 1372 1434 1436 Deum

260 1480 318 1544 ant
338 1477 508 1542 mundum.
530 1477 573 1541 Ut
595 1479 769 1559 utrumque
790 1477 912 1558 pariter
941 1477 1036 1552 colas,
1057 1477 1127 1542 tieri
1148 1497 1215 1542 non
1236 1480 1352 1558 potest.
1379 1475 1435 1542 Sa·

258 1583 352 1666 piens
371 1583 468 1663 igitur
488 1585 593 1647 totum
615 1600 650 1646 se
671 1581 782 1646 virtuti
814 1580 970 1663 adjunxit.
1002 1581 1075 1646 Non
1097 1584 1146 1647 est
1162 1585 1200 1646 ut
1209 1585 1339 1665 praeter
1349 1582 1436 1647 hanc

260 1688 324 1754 alia
346 1706 476 1770 quoque
498 1689 597 1751 curet.
625 1686 751 1751 Deinde
778 1707 854 1751 eum
874 1686 1028 1751 virtutem
1049 1705 1116 1751 non
1137 1706 1197 1768 pro
1208 1687 1320 1769 aliqua
1330 1690 1434 1767 parte,

260 1794 318 1858 sed
338 1794 408 1858 sine
429 1793 493 1857 ullo
515 1793 645 1857 defectu
666 1793 827 1874 integram
848 1792 1015 1873 possidere
1025 1811 1157 1857 necesse
1170 1795 1237 1869 est;
1253 1792 1304 1856 sin
1314 1793 1434 1872 minus,

260 1899 407 1964 nondum
427 1899 557 1979 sapiens
581 1901 648 1976 est,
671 1898 729 1962 sed
752 1897 865 1962 alienis
887 1897 1001 1961 stodiis
1023 1897 1151 1962 deditus
1168 1896 1223 1973 11).
1245 1896 1307 1976 Qui
1327 1897 1433 1980 sapit,

259 2003 402 2086 perfecte
436 2003 540 2084 sapit,
563 2003 618 2085 qui
639 2021 706 2068 non
727 2003 831 2084 sapit,
854 2001 1008 2084 insipiens
1034 2005 1100 2079 est;
1122 2001 1202 2066 nihil
1224 2006 1273 2067 est
1293 2003 1435 2068 tertium.
1476 2062 1482 2070 .

259 2108 333 2173 Non
355 2107 476 2172 dantur
500 2109 620 2188 gradus
641 2108 675 2172 in
697 2107 858 2190 sapientia
879 2109 911 2171 et
931 2107 1060 2184 stultia;
1082 2107 1185 2172 altera
1206 2107 1303 2188 piane
1325 2107 1435 2173 exad-

260 2232 355 2277 verso
376 2212 508 2278 atterius
535 2216 592 2277 est.
624 2211 731 2294 Siquis
751 2212 834 2278 iacet
855 2212 889 2276 in
909 2212 1024 2293 undis,
1045 2231 1163 2294 parum
1184 2213 1303 2292 refert,
1324 2215 1435 2285 utrum

261 2319 302 2384 sit
332 2319 366 2384 in
387 2319 454 2384 imo
476 2337 519 2383 an
540 2337 642 2400 prope
663 2318 883 2400 superficiem;
913 2318 1085 2400 utrobique
1106 2318 1229 2400 pariter
1249 2336 1337 2382 mors
1359 2338 1434 2383 eum

261 2428 382 2490 manet.
413 2423 457 2489 Ut
488 2422 522 2487 in
554 2423 729 2504 disciplinis
750 2423 990 2489 mathematicis
1011 2423 1097 2489 linea
1118 2426 1167 2488 est
1188 2426 1246 2488 aut
1266 2427 1355 2489 recta
1377 2428 1435 2489 aut

261 2547 327 2593 non
348 2532 458 2608 recta,
479 2531 515 2591 ut
539 2530 588 2592 est
608 2531 665 2592 aut
686 2527 773 2593 orbis
795 2530 852 2593 aut
872 2546 939 2592 non
950 2527 1047 2608 orbis,
1068 2547 1128 2592 nec
1138 2528 1216 2609 fingi
1228 2531 1335 2609 potest
1346 2528 1432 2596 linea

260 2653 378 2716 parum
399 2636 488 2698 recta
508 2633 559 2697 vel
580 2632 717 2697 circulus
739 2633 782 2696 ad
793 2633 913 2698 lineam
924 2635 1047 2697 rectam
1060 2634 1226 2714 accedens,
1242 2633 1288 2699 ita
1299 2634 1430 2716 sapiens

262 2741 310 2803 est
332 2737 480 2828 absolute
502 2736 652 2818 sapione,
674 2737 790 2801 stultus
812 2738 958 2802 absolute
980 2738 1097 2803 stultus
1114 2737 1171 2814 ¹²).

300 2843 457 2908 Attamen
488 2841 587 2907 Stoici
620 2860 686 2906 non
718 2843 884 2924 negabant
905 2861 999 2923 eum,
1031 2843 1087 2924 qui
1108 2862 1210 2924 prope
1231 2842 1435 2926 superficiem

261 2951 373 3028 natat,
396 2946 553 3030 majorem
578 2947 701 3012 habere
723 2966 815 3028 spem
836 2950 872 3011 ut
893 2950 1059 3029 servetur,
1081 2967 1181 3028 quam
1193 2966 1278 3028 eum,
1299 2949 1354 3029 qui
1366 2949 1433 3014 iam

260 3053 386 3119 delatus
419 3053 521 3117 estin
553 3052 665 3116 imum.
703 3052 787 3117 Hinc
821 3053 998 3118 concedere
1020 3054 1219 3136 cogebantur
1239 3053 1274 3116 in
1294 3053 1431 3120 stultitia

260 3160 376 3224 saltem
397 3158 516 3239 gradus
540 3158 701 3239 quosdam
722 3158 942 3222 admittendos
964 3177 1056 3235 esse,
1088 3161 1125 3222 ut
1146 3178 1186 3222 ex
1206 3158 1432 3240 insipientibus
1501 3173 1503 3178 '

261 3263 316 3330 alii
336 3263 407 3328 aliis
428 3263 471 3328 ad
493 3263 688 3345 sapientiam
703 3263 837 3345 propius
849 3265 985 3327 starent.
1007 3262 1055 3326 lta
1066 3262 1165 3327 Stoici
1175 3263 1433 3329 moderabantur

187 3423 188 3428 ,
259 3369 303 3434 ilii
325 3367 455 3434 decreto
480 3386 610 3445 ,omnes
631 3368 746 3432 stultos
767 3368 919 3447 insanire,
942 3370 974 3431 et
994 3366 1105 3431 omnia
1116 3367 1195 3432 vitia
1206 3368 1240 3432 in
1251 3368 1431 3434 omnibus”.

261 3473 493 3539 Concedebant
521 3471 618 3554 igitur
640 3491 711 3536 esse
733 3491 834 3554 genus
855 3471 1022 3554 quoddam
1042 3473 1196 3538 medium.
1218 3473 1303 3538 Huic
1323 3474 1433 3556 generi

260 3597 302 3644 se.
333 3578 528 3660 sapientiam
562 3577 792 3660 appetentibus
813 3613 853 3621 —
876 3577 917 3641 de
947 3578 1046 3658 plane
1066 3577 1202 3644 rudibus
1224 3583 1257 3644 et
1277 3578 1433 3661 imperitis

259 3703 327 3751 non
349 3687 398 3750 est
419 3684 507 3766 quod
528 3683 643 3766 loquar
657 3701 829 3747 -nomen
847 3682 1041 3766 proficientes
1061 3683 1270 3763 indiderunt,
1292 3685 1343 3748 vel
1361 3704 1434 3768 pro·

260 3789 415 3869 cedentes,
436 3793 607 3870 tamquam
627 3788 662 3853 in
683 3788 736 3853 via
755 3788 821 3852 iarn
836 3806 1033 3870 progressos.
1055 3789 1146 3860 (Vide
1158 3788 1348 3854 Ciceronem
1358 3806 1433 3872 per·

260 3898 446 3962 censentem
468 3895 636 3960 decretum
661 3894 861 3976 ,sapientem
883 3894 981 3975 plane
1003 3893 1189 3976 oppositum
1211 3914 1282 3960 esse
1304 3895 1432 3975 stutto‘’,

262 4000 379 4067 defin.
401 4000 451 4065 IV.
474 3999 516 4080 9).

301 4105 395 4184 Quod
425 4104 560 4169 minime
591 4104 733 4186 quadrat
763 4103 798 4168 in
829 4103 1022 4186 sapientem.
1062 4104 1232 4186 Sapientia
1266 4105 1354 4171 enim
1381 4126 1433 4173 res

257 4211 401 4294 perfecta
422 4213 480 4274 est.
503 4208 678 4290 Quidquid
701 4208 733 4272 in
755 4228 790 4273 se
813 4209 997 4275 absolutum
1019 4230 1077 4274 seu
1098 4211 1282 4293 perfectum
1294 4215 1353 4290 est,
1365 4212 1433 4278 eius

260 4319 399 4383 naturae
430 4333 490 4379 nec
521 4313 598 4396 quid
620 4313 751 4397 insuper
773 4313 850 4379 addi
870 4333 931 4379 nec
950 4315 1027 4382 inde
1050 4315 1136 4380 demi
1158 4318 1272 4400 potest.
1305 4315 1433 4383 Gradus

260 4422 357 4508 igitur
387 4420 421 4485 in
451 4417 613 4502 sapientia
644 4437 712 4485 non
738 4419 964 4486 admittuntur.
996 4419 1101 4509 Nam,
1120 4423 1158 4509 ut
1177 4421 1288 4489 scribit
1307 4420 1433 4490 Seneca
