3402 5056
839 549 878 612 38

270 749 336 796 non
365 729 474 810 magni
504 745 565 792 nec
598 727 694 809 elati,
716 730 749 792 et
769 726 928 810 quidquid
949 726 1036 792 aliud
1057 747 1183 812 corpora
1203 728 1386 804 incuruata,
1408 729 1441 790 et

270 837 376 900 animo
396 833 527 898 hamam
547 838 720 916 spectante,
742 832 968 913 quaerendum
989 833 1047 897 est.
1084 831 1222 913 Sapiens
1242 831 1335 898 facile
1354 829 1441 894 victu

270 940 349 1005 fuir’
371 947 433 1020 (ep.
454 938 517 1017 90).

310 1043 400 1109 Haec
421 1042 550 1122 onmia,
572 1061 656 1123 quae
679 1060 780 1123 genus
801 1043 984 1107 humanum
1004 1042 1171 1124 perpetrat
1191 1041 1341 1104 sceterata
1362 1041 1394 1118 (i.
1414 1059 1440 1104 e.

270 1150 367 1214 noxia
389 1168 426 1213 ac
446 1145 641 1230 perniciosa)
663 1149 696 1211 et
717 1147 816 1210 stulta
837 1146 969 1228 quidem
990 1149 1084 1225 sunt,
1106 1146 1164 1211 sed
1177 1145 1222 1209 illi
1233 1144 1443 1209 nihilominus

270 1257 407 1336 prosunt
438 1253 481 1316 ad
512 1251 633 1328 vitam,
666 1255 827 1332 quatenus
855 1251 889 1315 in
921 1250 1061 1316 materia
1092 1253 1140 1315 est
1165 1250 1273 1331 posita
1293 1255 1326 1315 et
1345 1250 1444 1315 rebus

271 1359 412 1424 externis
442 1356 571 1438 gaudet.
610 1357 675 1420 Vos
696 1358 807 1420 tamen
829 1358 867 1419 o!
890 1355 1078 1438 pontiliceS,
1102 1355 1219 1436 quibus
1241 1375 1293 1420 res
1315 1355 1444 1419 divinae

272 1483 368 1530 curae
399 1465 494 1541 sunt,
527 1480 605 1542 rogo
638 1465 737 1542 atque
770 1463 924 1540 ohsecm,
955 1464 992 1525 ut
1014 1480 1065 1525 me
1088 1461 1269 1540 edoceatis,
1294 1478 1391 1542 quem
1412 1460 1447 1523 in

272 1587 368 1632 usum
400 1585 516 1631 aurum
548 1570 581 1630 et
613 1570 784 1647 argentum
818 1570 849 1630 et
881 1567 987 1630 omnis
1012 1565 1139 1646 generis
1159 1584 1238 1656 opes
1259 1565 1293 1628 in
1315 1563 1443 1647 templis

272 1674 530 1737 coacervantur?
572 1673 625 1735 An
657 1673 691 1735 in
722 1671 882 1735 maiorem
914 1671 1052 1735 deorum
1082 1670 1241 1751 gloriam?
1278 1670 1323 1733 At
1350 1669 1446 1734 bonit

272 1778 352 1842 deus
383 1777 461 1840 nihil
493 1777 576 1857 egit,
608 1777 719 1841 omnia
753 1777 863 1841 habet.
910 1776 1055 1854 „Primus
1086 1777 1135 1838 est
1163 1774 1299 1838 deorum
1321 1775 1445 1855 cultuS,

272 1883 350 1946 deos
383 1883 534 1959 credere3
569 1881 687 1945 deinde
709 1881 846 1946 reddere
868 1881 928 1945 illis
949 1880 1155 1944 maiestatem
1177 1899 1285 1958 suam,
1307 1878 1444 1943 reddere

272 1987 474 2066 bonitatem,
508 1987 577 2051 sine
610 2005 676 2068 qua
706 1987 795 2050 nulla
817 1985 972 2050 maiestas
994 1988 1062 2064 est,
1084 1984 1165 2048 scire
1186 1984 1257 2049 illos
1278 2003 1369 2065 csse,
1391 1983 1447 2066 qui

274 2091 462 2173 praesident
483 2091 626 2170 mundo,
652 2091 707 2172 qui
728 2090 881 2155 universa
891 2091 922 2154 ui
934 2109 994 2154 sua
1004 2091 1208 2170 temperant”
1220 2089 1309 2166 (San.
1321 2107 1371 2170 ep.
1383 2087 1445 2168 95).

315 2197 415 2261 Deam
437 2197 527 2274 colit,
560 2197 718 2280 quinovit
738 2195 825 2270 (Sen.
848 2215 897 2277 ep.
919 2195 981 2275 95).
1013 2193 1092 2272 Quis
1113 2194 1204 2259 novit
1225 2194 1349 2258 deum?
1385 2192 1446 2257 Sa·

276 2301 377 2383 piens.
420 2299 592 2378 Quomodo
614 2301 686 2382 quis
708 2301 806 2365 deum
827 2302 965 2364 noscet?
986 2298 1210 2381 philosophia,
1232 2298 1321 2362 cuius
1347 2317 1446 2379 ,opus

275 2425 377 2470 unum
412 2409 479 2486 est,
511 2406 552 2470 de
585 2406 701 2470 divinis
733 2405 949 2486 humanisque
980 2423 1095 2468 verum
1126 2404 1291 2482 invenire3
1322 2404 1363 2468 ab
1384 2404 1447 2468 hac

264 2531 455 2594 numquam
477 2511 600 2576 recedit
621 2510 762 2590 iustitia,
783 2511 907 2591 pietas,
929 2509 1040 2590 religio
1061 2511 1093 2573 et
1115 2508 1221 2573 omnis
1243 2509 1324 2573 alius
1341 2510 1445 2580 ¹corni-

272 2619 360 2681 tatus
392 2616 550 2681 virtutum
580 2618 803 2680 consertarum
836 2617 869 2679 et
899 2614 984 2678 inter
1014 2633 1049 2678 se
1072 2614 1324 2679 cohaerentium.
1354 2613 1445 2679 Haec

272 2720 382 2785 docuit
403 2721 507 2785 colere
528 2720 657 2798 divina,
679 2721 825 2785 humana
846 2719 978 2800 diligere
1000 2722 1031 2782 et
1052 2737 1153 2800 penes
1173 2718 1250 2782 deos
1271 2717 1444 2799 imperium

272 2845 361 2905 esse,
384 2829 417 2890 et
437 2825 522 2890 inter
542 2825 691 2890 homines
712 2824 929 2888 consortium'
952 2824 1041 2904 (San.
1062 2843 1113 2905 ep.
1125 2823 1187 2898 90).
1219 2823 1444 2904 Tuncperitus

272 3036 416 3116 colendi,
449 3036 527 3118 quid
547 3039 580 3099 te
604 3036 738 3115 deceat,
762 3035 840 3117 quid
862 3034 920 3098 tihi
943 3038 975 3099 et
995 3034 1065 3099 aliis
1087 3033 1208 3098 debeas
1229 3033 1281 3110 (cl.
1304 3034 1379 3098 Seu.
1401 3034 1442 3098 de

271 3141 377 3206 benef.
410 3142 474 3205 Vll.
508 3140 567 3214 th).
610 3140 718 3220 ScieS,
749 3140 828 3222 quid
859 3159 919 3221 per
950 3140 1055 3221 legem
1075 3138 1266 3217 humanam,
1288 3139 1367 3220 quid
1387 3156 1446 3221 per

271 3246 376 3328 legem
407 3245 552 3311 divinam
586 3246 689 3310 liceat.
732 3245 825 3310 Tunc
860 3244 994 3322 ,mentis
1024 3262 1170 3308 recessus
1201 3244 1325 3308 sancti'
1345 3243 1445 3321 fient,

272 3351 389 3433 quibus
426 3352 591 3433 pulchrius
623 3352 748 3415 nullum
779 3350 953 3432 praebebis
984 3349 1213 3431 spectaculum.
1269 3348 1320 3426 ,Si
1351 3347 1445 3413 nobis

272 3455 418 3520 animum
440 3456 517 3520 boni
538 3457 598 3521 viri
620 3457 731 3521 liceret
751 3455 931 3537 inspicere,
954 3458 993 3520 o!
1015 3474 1114 3537 quam
1136 3454 1306 3537 pulchram
1317 3453 1443 3534 faciem,

273 3579 373 3642 quarn
404 3565 571 3642 sanctam,
604 3581 704 3645 quam
728 3581 768 3627 ex
789 3561 961 3642 magnifico
983 3559 1176 3642 placidoque
1197 3559 1374 3639 fulgentem
1396 3559 1444 3623 vi-

273 3668 449 3732 deremus?
481 3667 556 3732 hinc
586 3667 729 3747 iustitia,
761 3666 848 3730 illinc
870 3665 1079 3744 fortitudine,
1112 3665 1188 3729 hinc
1208 3663 1444 3745 temperantia,

272 3771 511 3854 prudentiaque
541 3772 732 3838 lucentibus,
773 3772 910 3836 Praeter
930 3772 990 3835 has
1011 3769 1200 3851 frugalitas,
1223 3773 1256 3834 et
1277 3769 1446 3833 continen-

273 3877 319 3942 tia
350 3879 382 3941 et
413 3877 587 3942 tolerantia
607 3880 641 3941 et
661 3877 794 3941 libertas
816 3876 1015 3957 comitasque
1037 3879 1129 3940 et-
1152 3874 1224 3957 quis
1246 3872 1383 3938 credat?
1404 3907 1445 3916 -

273 3981 306 4044 in
337 3981 471 4047 homine
500 4001 614 4046 rarum
644 3980 833 4046 humanitas
863 3982 1007 4057 bonum,
1039 3979 1246 4062 splendorem
1277 3977 1321 4041 illi
1347 3996 1445 4041 suum

274 4085 488 4150 effunderent.
521 4087 607 4150 Turn
639 4086 861 4167 providentia,
882 4089 951 4149 tum
974 4083 1135 4166 elegantia
1156 4086 1188 4147 et
1209 4102 1249 4146 ex
1269 4081 1337 4146 istis
1355 4100 1446 4162 mag-

273 4190 449 4255 nanimitas
491 4191 768 4266 eminentissima,
810 4194 970 4272 quantum
1011 4189 1055 4253 dii
1096 4187 1194 4264 boni,
1225 4186 1350 4251 decoris
1382 4185 1446 4265 illi,
1494 4275 1496 4278 Ι

274 4297 434 4378 quantum
455 4294 629 4376 ponderis,
651 4295 887 4377 gravitatisque
908 4295 1094 4360 adderent?
1123 4292 1247 4373 quanta
1267 4293 1353 4355 esset
1373 4309 1447 4355 cum

277 4401 383 4482 gratia
421 4399 622 4465 auctoritas?
673 4400 777 4466 Nemo
819 4401 909 4465 illum
942 4398 1133 4476 amabilem,
1169 4395 1224 4477 qui
1254 4413 1322 4460 non
1351 4395 1447 4460 simul

898 4630 1102 4688 ...ufl-

729 4748 784 4800 A,
