3402 5056
242 524 274 567 Vl

242 688 471 765 praeceptores
493 704 588 766 suos,
610 705 677 750 non
700 685 845 752 animum
868 688 1057 765 excolendi,
1079 689 1137 754 sed
1159 688 1333 770 ingenium.
1356 688 1419 754 lta·

244 808 328 870 que,
360 809 444 871 quae
476 790 682 872 philosophia
713 791 792 868 luit,
824 791 911 856 facta
942 795 991 865 est
1021 793 1216 875 philologia''
1250 795 1314 874 (ep.
1339 794 1420 870 108).

242 895 334 959 Idem
364 893 399 957 in
431 893 575 959 eiusdem
609 895 765 977 epistolae
785 896 867 960 fine:
904 896 1001 973 ,lllud
1024 898 1195 975 admoneo,
1218 899 1418 963 auditionem

242 998 530 1080 philosophorum,
563 1000 800 1082 lectionemque
821 1001 864 1065 ad
885 1003 1087 1083 propositum
1108 1004 1227 1068 beatae
1248 1003 1335 1068 vitae
1356 1007 1421 1069 tra·

245 1104 409 1169 hendam:
430 1124 498 1169 non
519 1108 555 1169 ut
576 1107 677 1170 verba
698 1107 803 1186 prisca
824 1109 881 1170 aut
902 1107 978 1171 ficta
1000 1109 1185 1188 captemuS,
1206 1112 1239 1172 et
1254 1109 1419 1173 translati-

245 1227 325 1274 ones
347 1209 514 1291 improbas
535 1211 720 1292 figurasque
742 1211 888 1290 dicendi,
910 1213 970 1276 sed
990 1217 1026 1277 ut
1046 1213 1219 1294 profutura
1235 1217 1421 1295 praecepta,

249 1316 282 1377 et
312 1315 501 1395 magnificas
521 1334 637 1395 voces,
669 1319 701 1379 et
723 1315 907 1394 animosae,
930 1336 1014 1397 quae
1036 1319 1167 1382 morin
1188 1318 1387 1383 remtransf
1405 1353 1419 1364 -

248 1421 372 1484 rantur.
395 1419 448 1484 Sic
468 1419 531 1485 ista
542 1421 714 1498 discamus,
737 1423 773 1484 ut
783 1440 868 1502 quae
879 1420 1011 1486 fuerunt
1023 1424 1132 1503 verba,
1143 1423 1207 1487 sint
1219 1443 1328 1505 opera.
1343 1424 1421 1488 cet.’'

245 1523 337 1590 Idem
357 1524 391 1587 in
411 1524 477 1588 fine
501 1545 552 1606 ep.
573 1526 632 1589 88:
658 1525 721 1603 ,De
743 1525 931 1589 liberalibus
952 1526 1066 1591 studiis
1088 1528 1418 1610 loquor:philos0phi

246 1629 406 1710 quantum
449 1629 574 1704 habent
618 1629 829 1711 supervacui,
862 1634 1022 1710 quantum
1052 1633 1094 1696 ab
1125 1651 1186 1696 usu
1217 1633 1422 1697 recedentis?

248 1732 313 1814 Ipsi
344 1753 474 1815 quoque
509 1735 552 1798 ad
583 1734 781 1816 syllabarum
803 1735 1026 1800 distinctiones
1048 1739 1080 1810 et
1101 1737 1362 1802 coniunctionum
1384 1757 1423 1801 ac

249 1837 527 1921 praepositionum
549 1839 765 1920 proprietates
788 1838 1035 1920 descenderunt,
1058 1841 1421 1922 etinvideregramma·

250 1943 341 2019 licis,
379 1942 525 2007 invidere
547 1943 731 2024 geometris.
770 1943 936 2025 Quidquid
958 1944 992 2009 in
1013 1945 1141 2009 illorum
1162 1946 1287 2010 artibus
1309 1965 1423 2027 super·
1522 2031 1524 2034 Ι

213 2099 216 2104 .
249 2066 392 2112 vacuum
411 2051 480 2112 erat
501 2050 696 2113 transtulere
717 2049 751 2112 in
772 2068 875 2112 suam.
897 2049 950 2113 Sic
963 2050 1113 2114 effectum
1124 2053 1183 2129 est,
1194 2055 1231 2116 ut
1242 2051 1424 2133 diligentius
1514 2111 1522 2140 ,

250 2151 355 2216 sciant
385 2153 473 2234 loqui
505 2173 603 2234 quarn
637 2153 756 2217 vivere.
786 2153 891 2232 Audi,
925 2158 1083 2236 quantum
1106 2156 1183 2219 mali
1205 2156 1302 2221 faciat
1322 2156 1424 2221 nimia

250 2256 411 2321 subtilitas
443 2262 475 2322 et
496 2278 596 2340 quam
617 2258 735 2322 infesta
756 2259 885 2323 veritati
908 2259 978 2323 sit''.
1014 2249 1169 2342 Sequitur
1189 2280 1310 2342 magna
1332 2261 1424 2343 copia

251 2363 494 2444 exemplorum,
515 2383 554 2427 ex
575 2363 693 2445 quibus
714 2366 805 2444 patet
829 2364 895 2427 iarn
916 2367 993 2427 ante
1008 2364 1167 2429 Senecam
1180 2365 1279 2429 etiam
1301 2366 1422 2447 aprin-

251 2466 374 2547 cipibus
395 2467 479 2531 inter
500 2468 710 2548 philosophos
731 2471 900 2547 peccatum
913 2486 993 2531 esse.
1026 2468 1254 2548 Compluribus
1265 2470 1342 2534 locis
1354 2490 1424 2534 cas-

252 2569 333 2650 tigal
374 2573 407 2634 et
446 2571 632 2652 perstringit
664 2591 810 2635 summus
838 2572 888 2634 vir
916 2572 1146 2653 philosophos,
1174 2574 1241 2655 'qui
1267 2576 1425 2654 petebant

251 2675 405 2755 gloriam,
427 2695 526 2758 opes,
547 2677 742 2759 applausus,
764 2676 842 2740 talia
869 2677 1141 2757 ,indifferentia’',
1162 2680 1219 2760 qui
1240 2679 1343 2760 magis
1355 2682 1423 2743 stu-

253 2779 377 2843 debant
407 2780 561 2861 pulchrae
590 2781 763 2845 elocutioni
785 2784 817 2844 et
837 2780 1029 2861 magnificae
1052 2782 1190 2861 actioni,
1212 2803 1313 2865 quam
1333 2788 1369 2848 ut
1390 2804 1424 2848 se

255 2886 287 2947 et
309 2884 505 2949 auditorium
527 2905 622 2948 suum
645 2885 858 2966 dorrigerent,
881 2886 936 2966 qui
958 2886 1065 2950 minus
1087 2907 1182 2951 curae
1205 2888 1425 2967 adhibebant,

254 2992 291 3054 ut
312 2990 429 3054 darent
449 2998 553 3067 κτῆμα
575 2991 613 3060 εἲς
633 2990 675 3050 ἀεὶ
696 3009 796 3073 quam
818 2989 957 3067 ἀκρόαμα
971 2989 1257 3068 &ammonariam
1283 2993 1434 3075 discipu-·

254 3095 322 3172 los,
344 3094 398 3175 qui
420 3095 453 3158 in
473 3093 590 3158 scholis
611 3114 678 3159 non
690 3095 952 3159 emendationem
964 3095 1022 3158 sed
1035 3097 1311 3162 oblectamentum
1324 3118 1424 3180 quac·

254 3200 390 3281 rebant,
416 3199 625 3281 „inquilinos”
648 3200 738 3278 illos,
764 3201 819 3280 qui
840 3199 949 3263 multis
970 3200 1058 3282 apud
1080 3201 1309 3283 philosophum
1331 3204 1425 3269 annis

255 3305 493 3384 persedebant,
515 3306 610 3369 etue
635 3305 776 3368 colorem
798 3305 930 3385 quidem
953 3305 1116 3370 ducebant
1137 3306 1199 3387 (ep
1224 3308 1301 3381 108).

296 3409 362 3472 Sed
392 3410 470 3473 satis
502 3429 664 3492 superque
696 3413 764 3487 est;
797 3411 897 3492 siquis
919 3413 1035 3476 harum
1058 3431 1168 3476 rerum
1190 3413 1335 3477 curiosus
1357 3417 1424 3492 est,

258 3514 384 3579 evolvat
405 3516 524 3579 librum
546 3516 588 3580 ab
610 3515 762 3579 omnibus
782 3517 952 3580 laudatum
973 3517 1191 3598 omnibusque
1212 3518 1424 3597 laudandum,

257 3621 290 3684 in
312 3639 377 3702 quo
397 3619 610 3684 Friedlander
630 3640 738 3684 mores
759 3624 886 3685 veteres
906 3622 1033 3686 Romae
1056 3622 1209 3703 depingit.

296 3726 391 3790 Nunc
419 3728 548 3806 tempus
580 3744 650 3790 esse
674 3724 771 3789 credo
793 3727 926 3804 audire,
949 3727 1026 3808 quid
1048 3727 1193 3791 docuerit
1215 3728 1427 3793 celeberrima

256 3830 311 3895 illa
342 3833 449 3908 secta,
477 3849 561 3911 quae
590 3833 722 3894 auctore
743 3830 888 3907 Seneca,
915 3831 1015 3906 ,male
1037 3831 1129 3895 audit
1150 3833 1237 3912 apud
1259 3831 1426 3914 imperitos

256 3938 427 4016 tamquam
448 3934 544 3999 nimis
569 3934 690 4013 dura”,
711 3936 770 3998 sed
793 3954 858 4016 qua
884 3936 988 4012 „nulla
1008 3935 1179 4016 benignior
1189 3937 1356 4020 leniorque
1368 3943 1426 4019 est,

256 4041 346 4105 nulla
367 4040 529 4105 amantior
549 4039 737 4113 hominum,
761 4044 793 4103 et
815 4040 1040 4103 communibus
1061 4041 1156 4104 bonis
1178 4043 1351 4106 attentior''
1373 4045 1427 4120 (de

257 4146 348 4210 clem.
370 4146 390 4208 l.
412 4145 439 4209 1.
463 4165 486 4208 c.
509 4146 560 4222 5);
582 4145 699 4226 quibus
720 4145 906 4226 praemissis
928 4145 1091 4225 singulas,
1113 4164 1194 4227 quas
1210 4148 1425 4229 scripsitPer-

258 4250 324 4315 sius
343 4249 479 4329 satiras,
501 4269 540 4314 ex
562 4250 761 4330 argumentis
783 4251 903 4314 stoicae
915 4251 1087 4314 doctrinae
1099 4251 1260 4316 illustrare
1272 4255 1424 4321 conabor.
