3382 5056
828 523 869 586 54

261 701 339 764 dum
372 701 515 765 adactis:
548 701 594 765 ita
614 701 648 765 in
668 699 738 779 his,
770 719 852 783 quos
872 702 951 766 velis
972 701 1015 765 ad
1036 702 1168 766 beatam
1189 701 1290 765 vitam
1311 702 1431 783 perdu-

258 823 350 883 cere,
382 805 488 886 prima
520 805 734 870 fundamenta
764 806 913 870 iacienda
934 810 1028 884 sunt,
1051 809 1083 870 et
1103 807 1300 871 insinuanda
1321 807 1431 871 virtus.

259 909 363 973 Huius
383 910 527 991 quadam
549 910 777 990 superstitione
798 913 993 976 teneantur:
1015 912 1100 975 hanc
1122 914 1252 975 ament:
1276 929 1348 975 oum
1371 912 1433 975 hac

258 1015 367 1079 vivere
397 1014 517 1090 velint,
550 1014 620 1079 sine
650 1016 713 1079 hac
742 1015 855 1079 nolint.
888 1015 973 1092 Quid
995 1019 1097 1096 ergo?
1119 1034 1186 1079 non
1207 1015 1340 1097 quidam
1361 1015 1431 1080 sine

257 1118 458 1183 institutione
489 1119 598 1183 subtili
631 1122 804 1183 evaserunt
827 1120 941 1198 probi,
970 1139 1173 1200 magnosque
1193 1119 1356 1200 profectus
1376 1138 1430 1184 as·

257 1223 359 1287 secuti
380 1227 454 1287 sunt
466 1245 480 1302 ,’
496 1224 575 1288 dum
590 1224 686 1288 nudis
697 1227 824 1287 tantum
838 1225 1018 1305 praeceptis
1031 1224 1281 1306 obsequuntur?
1297 1224 1431 1289 Fateor:

258 1328 316 1392 sed
347 1327 423 1392 felix
454 1329 620 1409 ingenium
653 1329 713 1393 illis
745 1328 823 1408 fuit,
857 1333 890 1392 et
923 1329 1078 1393 salutaria
1099 1330 1132 1393 in
1154 1329 1292 1394 transitu
1313 1329 1430 1410 rapuit.

258 1432 343 1498 Nam
374 1437 410 1498 ut
440 1432 484 1498 dii
512 1434 713 1498 immortales
735 1435 860 1497 nullam
882 1433 1026 1498 didicere
1046 1435 1221 1513 virtutem,
1243 1435 1426 1498 cumomni

259 1539 355 1616 editi;
378 1543 410 1603 et
430 1558 507 1620 pars
528 1541 666 1604 naturae
690 1557 801 1602 eorum
825 1542 892 1613 est,
925 1558 995 1603 esse
1018 1540 1141 1603 bonos:
1170 1538 1216 1602 ita
1238 1538 1370 1620 quidam
1393 1560 1432 1603 ex

259 1641 445 1706 hominibus
467 1643 630 1724 egregiam
651 1643 755 1707 sortiti
776 1643 939 1721 indolem,
971 1643 1005 1706 in
1027 1662 1085 1722 ea,
1107 1662 1192 1724 quae
1212 1641 1296 1706 tradi
1319 1643 1433 1722 solent,

258 1748 453 1828 perveniunt
484 1747 553 1812 sine
585 1748 680 1828 longo
713 1747 918 1827 magisteria,
942 1750 974 1811 et
995 1748 1133 1811 honesta
1156 1747 1315 1827 complexi
1335 1750 1431 1824 sunt,

260 1870 333 1915 cum
356 1851 497 1931 primum
519 1852 701 1916 audierunt.
733 1852 829 1915 Unde
850 1851 1432 1933 ipsatamrapaciavirtutisingenia,

259 1956 310 2020 vel
335 1976 374 2021 ex
395 1975 430 2020 se
451 1956 575 2020 fertilia.
608 1957 653 2020 At
673 1956 734 2019 illis
756 1961 813 2020 aut
834 1957 1005 2020 hebetibus
1027 1960 1084 2020 aut
1104 1956 1248 2034 obtusis,
1270 1960 1327 2020 aut
1345 1957 1432 2021 mala

265 2062 499 2126 consuetudine
531 2062 690 2140 obsessis,
730 2062 785 2125 diu
815 2061 929 2142 rubigo
962 2061 1145 2126 animorum
1177 2061 1354 2125 effricanda
1375 2065 1431 2125 est.

263 2165 415 2230 Ceterum
438 2169 472 2230 ut
496 2166 564 2229 illos
585 2167 619 2229 in
639 2166 763 2229 bonum
784 2185 905 2246 pronos
927 2166 1018 2230 citius
1040 2166 1148 2229 educit
1168 2165 1211 2229 ad
1231 2184 1377 2245 summa,
1400 2169 1433 2230 et

264 2271 324 2336 hos
345 2270 569 2335 imbecilliores
591 2271 777 2349 adiuvabit,
799 2270 958 2352 malisque
979 2271 1185 2353 opinionibus
1203 2270 1362 2352 extrahet,
1374 2271 1429 2352 qui

260 2376 322 2440 illis
344 2375 569 2456 philosophiae
588 2376 707 2456 placita
727 2375 917 2441 tradiderit:
946 2396 1031 2458 quae
1053 2395 1153 2457 quam
1164 2376 1228 2441 sint
1239 2375 1433 2454 necessaria,

260 2481 335 2545 licet
355 2480 476 2545 videas.
506 2480 674 2557 Quaedam
697 2481 839 2545 insident
860 2481 963 2559 nobiS,
985 2501 1070 2564 quae
1092 2500 1150 2546 nos
1172 2482 1215 2545 ad
1237 2482 1302 2546 alia
1316 2481 1433 2562 pigros,

260 2587 302 2649 ad
336 2586 400 2650 alia
428 2586 619 2650 temerarios
640 2585 770 2649 faciunt.
804 2587 871 2650 Nec
891 2587 973 2650 haec
994 2587 1132 2651 audacia
1152 2586 1284 2667 reprimi
1305 2589 1430 2667 potest,

260 2709 321 2754 nec
352 2692 407 2754 illa
437 2691 556 2755 inertia
575 2691 740 2764 suscitari,
771 2691 833 2754 nisi
854 2710 970 2755 causae
992 2710 1106 2756 eorum
1127 2691 1329 2770 eximantur,
1352 2690 1433 2755 falsa

260 2795 453 2873 admiratio,
476 2795 558 2858 salsa
579 2794 719 2859 formido
760 2796 852 2859 Haeo
873 2814 932 2859 nos
954 2796 1111 2877 quamdiu
1132 2795 1320 2876 possident,
1343 2795 1432 2860 dicas

261 2899 354 2963 licet:
384 2899 454 2963 Hoc
475 2900 559 2980 patri
581 2903 749 2980 praestare
771 2901 889 2980 debeS,
911 2901 973 2965 hoc
993 2901 1120 2970 liberis,
1144 2901 1206 2965 hoc
1227 2901 1348 2980 amicis,
1370 2901 1432 2966 hoc

259 3005 450 3085 hospitibus
482 3008 664 3070 tentantem
687 3006 825 3070 avaritia
845 3006 1006 3071 retinebit.
1038 3005 1125 3071 Sciet
1145 3025 1204 3087 pro
1223 3005 1331 3087 patria
1352 3025 1432 3087 pug-

259 3111 407 3174 nandum
428 3128 517 3173 esse:
540 3109 740 3175 dissuadebit
761 3107 866 3174 timor.
900 3110 986 3175 Sciet
1005 3130 1064 3191 pro
1077 3111 1189 3175 amicis
1201 3111 1429 3175 desudandum

260 3234 350 3294 3333,
382 3215 425 3278 ad
455 3218 637 3279 extremum
669 3235 771 3297 usque
804 3216 977 3279 sudorem:
1009 3216 1067 3280 sed
1100 3215 1234 3280 deliciae
1265 3216 1433 3281 vetabunt.

259 3319 346 3384 Sciet
366 3320 400 3383 in
421 3338 555 3384 uxorem
577 3319 805 3400 gravissimum
827 3339 897 3385 esse
918 3339 1020 3402 genus
1041 3319 1198 3389 iniuriae,
1218 3320 1341 3386 habere
1363 3322 1432 3400 pel·

259 3424 374 3489 licem:
396 3425 454 3489 sed
475 3426 565 3488 illum
587 3425 699 3489 lubido
721 3425 754 3489 in
776 3427 939 3490 contraria
959 3425 1126 3506 impinget.
1157 3424 1244 3490 Nihil
1266 3445 1341 3507 ergo
1357 3443 1432 3507 pro·

260 3529 344 3594 derit
378 3531 457 3594 dare
487 3532 682 3611 praecepta,
712 3530 773 3594 nisi
795 3530 884 3611 prius
906 3530 1068 3594 amoveris
1090 3530 1255 3595 obstantia
1275 3550 1432 3611 praecep·

262 3635 320 3698 tis:
352 3653 418 3698 non
451 3633 572 3714 magiS,
595 3654 695 3715 quam
727 3635 873 3715 proderit
905 3654 998 3700 arma
1019 3634 1053 3698 in
1074 3637 1248 3716 conspectu
1269 3637 1433 3716 posuisse,

260 3738 458 3821 propiusque
490 3738 693 3818 admovisse,
725 3739 787 3804 nisi
818 3759 938 3804 usurae
969 3759 1086 3804 manus
1125 3739 1350 3820 expediuntur.
1392 3740 1434 3804 Ut

261 3843 304 3907 ad
334 3847 532 3925 praecepta,
566 3864 650 3926 quae
683 3846 819 3924 damuS,
858 3845 960 3926 possit
994 3845 1122 3908 animus
1157 3844 1226 3923 ire,
1259 3844 1432 3909 solvendus

261 3951 319 4013 est.
351 3948 507 4013 Putemus
540 3949 683 4030 aliquem
715 3949 840 4027 facere,
870 3950 958 4031 quod
990 3951 1133 4030 oportet,
1166 3965 1233 4011 non
1264 3947 1360 4012 faciet
1381 3968 1433 4013 as-

262 4052 364 4130 sidue,
386 4070 453 4116 non
474 4053 571 4117 faciet
592 4053 790 4135 aequaliter:
811 4055 915 4119 nescit
935 4055 1032 4134 enim,
1054 4071 1156 4135 quare
1177 4052 1283 4116 faciat.
1314 4052 1434 4135 Aliqua

260 4157 312 4220 vel
343 4176 439 4236 casu,
470 4158 523 4221 vel
554 4160 804 4237 exercitatione,
836 4160 971 4224 exibunt
1001 4161 1109 4222 recta:
1141 4157 1198 4220 sed
1229 4175 1296 4220 non
1319 4157 1380 4222 erit
1400 4157 1433 4222 in

261 4281 362 4326 manu
401 4262 531 4341 regula,
570 4262 613 4327 ad
651 4283 751 4344 quam
784 4265 971 4345 exigantur,
1000 4262 1050 4327 cui
1082 4260 1192 4324 credat
1224 4263 1312 4325 recta
1344 4281 1434 4340 esse,

262 4385 347 4449 quae
379 4364 463 4430 fecit.
495 4365 568 4430 Non
602 4369 769 4447 promittet
800 4388 835 4434 se
866 4370 966 4434 talem
987 4368 1021 4431 in
1042 4366 1258 4447 perpetuum,
1280 4364 1336 4447 qui
1358 4385 1434 4432 casu
