3402 5056
831 540 867 604 16

257 724 312 786 tur
333 723 365 784 et
387 721 449 785 hoc
469 719 665 802 principium
688 720 907 799 abstractum,
930 721 1039 802 quoad
1054 739 1128 786 non
1141 720 1208 786 iam
1220 721 1433 796 coaluerunt,

260 825 477 908 intellegenda
498 829 574 891 sunt
595 826 732 903 inertia;
753 829 890 905 nam‚ut
901 843 1001 906 supra
1012 826 1162 906 vidimus,
1184 827 1332 905 materia,
1345 827 1432 890 unde

219 1016 221 1020 Ι
259 932 401 995 mundus
424 934 569 1011 constat,
591 930 752 1013 idipsum
774 934 842 1010 est,
864 949 929 1011 quo
951 932 1031 995 deus
1053 931 1193 1012 speciem
1212 931 1361 996 sensibus
1373 931 1432 996 ob-

259 1035 346 1100 viam
367 1037 429 1100 sibi
449 1035 573 1113 induit;
602 1035 741 1100 materia
763 1038 873 1099 autem
903 1037 1006 1100 adeo
1027 1035 1191 1115 seiuncta,
1213 1037 1315 1100 moles
1337 1037 1434 1115 iners,

260 1144 390 1206 mortua
411 1144 490 1207 erat.
521 1143 608 1206 Tum
629 1141 726 1204 -ita
748 1141 907 1222 Diogenes
928 1142 1175 1223 pergit-deus
1196 1141 1317 1206 molem
1338 1141 1435 1205 istam

182 1331 183 1334 Ἴ
259 1247 417 1312 invadens
449 1266 487 1312 ac
515 1249 694 1329 penetrans
727 1247 901 1311 materiam
921 1247 1065 1329 primum
1086 1247 1120 1310 in
1143 1266 1240 1326 aera,
1262 1247 1380 1310 deinde
1401 1246 1435 1310 in

261 1372 382 1435 aquam
404 1351 572 1417 convertit.
604 1351 784 1417 Humidum
806 1352 1005 1417 elementum
1027 1351 1114 1417 eninr
1124 1352 1267 1417 maxime
1279 1352 1434 1415 idoneum

258 1463 349 1538 erat,
380 1460 469 1540 quod
501 1458 636 1523 aethera
657 1457 878 1521 vivificantem
904 1458 1108 1539 conciperet,
1130 1476 1240 1522 secum
1261 1457 1435 1536 retineret,

261 1566 458 1646 propagaret
488 1581 547 1644 per
577 1564 681 1625 totam
710 1580 819 1626 rerum
833 1553 1005 1626 naturam.
1037 1562 1098 1627 Hic
1119 1564 1167 1627 est
1188 1561 1329 1626 maxime
1351 1561 1434 1626 cele-

260 1668 374 1733 bratus
406 1669 457 1732 ille
478 1667 662 1732 Stoicorum
683 1665 891 1742 σπερματικὸς
913 1668 1095 1750 togarum,
1117 1687 1219 1749 quum
1241 1667 1318 1731 dicis
1340 1667 1431 1749 prin-

261 1775 379 1857 cipium
401 1774 580 1853 rationale,
602 1771 637 1832 τὸ
658 1769 835 1847 ἡγεμονικὸν
856 1779 908 1832 τοῦ
929 1775 1044 1848 κόσμου
1068 1775 1211 1837 vocatur.

301 1880 445 1945 Aethera
465 1880 561 1960 igitur
580 1897 639 1960 per
663 1897 783 1959 aquam
806 1877 1040 1942 discurrentem
1067 1879 1228 1942 rationem
1247 1896 1326 1956 esse,
1347 1879 1434 1942 unde

265 2004 379 2050 omnes
401 2004 452 2049 res
473 1985 561 2048 velut
582 2003 622 2048 ex
643 1983 767 2048 semine
789 1983 982 2064 gignuntur,
1004 1983 1066 2048 hoc
1087 1981 1434 2048 sere'sibivultzdeum

265 2109 336 2154 esse
357 2090 504 2154 animum
525 2088 559 2152 in
580 2087 822 2166 animantibuS‚
844 2087 945 2151 vitam
967 2087 1000 2151 in
1022 2092 1151 2166 natura,
1171 2087 1252 2151 sicut
1266 2087 1435 2152 insemine

264 2195 356 2260 humi
388 2194 537 2272 condito,
560 2193 619 2258 etsi
651 2193 798 2256 nondum
829 2192 1018 2274 pullulavit,
1045 2192 1110 2257 iam
1133 2191 1285 2274 quicquid
1307 2191 1435 2257 suturae

265 2297 389 2365 herbae
409 2299 578 2364 habebunt
599 2297 774 2376 virtutum,
807 2299 894 2361 latet.
926 2297 975 2361 Ita
993 2298 1106 2362 aether
1126 2297 1159 2361 in
1181 2297 1353 2362 humorem
1374 2297 1435 2361 im-

265 2423 392 2468 mersus
433 2403 521 2467 velut
553 2421 665 2467 semen
697 2404 746 2464 est
775 2402 943 2465 involvens
965 2402 1111 2482 germina
1133 2402 1278 2466 omnium
1310 2421 1435 2482 rerum,
1531 2483 1532 2489 ἵ

267 2527 350 2590 quae
372 2527 529 2590 umquam
552 2509 694 2571 oriturae
715 2510 800 2571 sunt.
832 2507 888 2570 Est
910 2507 1008 2571 etiam
1030 2526 1128 2573 causa
1149 2510 1258 2571 mente
1277 2509 1436 2590 praedita,

268 2632 354 2695 quae
375 2633 392 2676 e
414 2612 508 2677 certis
529 2613 672 2693 legihuS‚
694 2630 776 2693 quas
797 2611 869 2693 ipsa
890 2612 1075 2690 constituit,
1098 2614 1129 2676 et
1149 2612 1216 2676 vim
1238 2613 1295 2676 tati
1311 2613 1435 2678 haben·

265 2717 352 2781 tibus
384 2717 531 2783 ordinem
563 2717 783 2781 mutationum
816 2737 916 2799 quum
949 2717 982 2781 in
1015 2718 1138 2782 mundo
1159 2721 1229 2781 tum
1252 2719 1285 2781 in
1306 2718 1437 2799 singulis

263 2822 415 2904 partibus
436 2823 556 2887 evolvit
577 2823 673 2898 (Plut.
696 2822 737 2887 de
758 2823 840 2904 plac.
860 2823 937 2904 phil.
962 2823 987 2886 1.
1010 2821 1051 2902 7).
1083 2822 1220 2887 Materia
1230 2823 1335 2904 igitur,
1353 2843 1438 2905 quae

268 2927 376 2992 adhuc
405 2927 658 3006 imminuebat,
683 2926 760 2990 viva
781 2925 867 2991 faeta
889 2929 956 3002 est3
978 2945 1056 2990 nam
1078 2926 1205 2990 animus
1227 2947 1300 2992 eam
1321 2947 1438 3010 perva-

268 3035 364 3097 serat.
397 3031 503 3110 Quam
526 3051 600 3096 cum
621 3033 754 3097 aethere
776 3031 982 3096 coniunctam
1003 3031 1182 3095 secundum
1201 3035 1439 3116 certamlegem

266 3157 303 3204 se
323 3137 358 3200 in
379 3137 490 3201 omnia
510 3140 639 3201 mutare
659 3156 791 3201 necesse
813 3139 891 3201 erat.
924 3135 974 3200 Ita
994 3136 1136 3200 mundus
1156 3136 1260 3201 factus
1279 3141 1327 3202 est
1349 3139 1439 3217 deus

268 3243 345 3324 quia
373 3241 471 3306 etiam
491 3241 647 3306 minimae
668 3241 845 3323 particulae
867 3242 929 3304 deo
950 3241 1096 3305 imbutae
1118 3244 1230 3321 erant,
1257 3242 1345 3306 unde
1363 3261 1438 3324 pro·

268 3346 390 3428 gressio
410 3345 524 3410 mundi
546 3347 608 3410 dici
629 3349 736 3427 polest
756 3346 894 3426 modm,
916 3363 981 3428 quo
1003 3346 1083 3411 deus
1105 3347 1173 3428 ipse
1195 3366 1234 3411 ex
1253 3351 1369 3412 natura
1383 3347 1439 3411 ab·

268 3453 391 3514 structa
412 3451 454 3514 ad
475 3453 659 3515 concretam
680 3450 837 3532 procedit.
861 3451 998 3515 Primus
1019 3451 1139 3532 gradus
1159 3451 1254 3515 huius
1276 3471 1375 3533 quam
1393 3452 1439 3516 ita

269 3556 376 3619 dicam
398 3555 589 3620 evolutionis
610 3559 682 3621 erat
702 3560 792 3620 ortus
814 3558 954 3638 quatuor
976 3557 1220 3635 elementorum,
1242 3556 1333 3638 ignis,
1346 3556 1439 3634 aeris

269 3679 395 3742 aquae,
416 3664 543 3740 terrae,
565 3680 667 3742 quae,
689 3681 791 3742 quum
813 3661 1006 3742 principium
1027 3660 1125 3726 vitale
1138 3661 1368 3742 concepissent,
1380 3680 1439 3724 suo

270 3764 414 3847 quidque
434 3767 582 3846 tempore
603 3784 677 3829 eam
697 3765 890 3831 varietatem
911 3765 1072 3844 vitarum,
1093 3783 1158 3846 qua
1179 3765 1320 3828 mundus
1339 3765 1439 3830 refer-

269 3873 322 3934 tus
344 3873 412 3948 est,
433 3874 685 3951 progenuerunt.

309 3973 383 4038 Non
403 3976 491 4038 totus
512 3976 624 4038 tamen
645 3975 758 4040 aether
779 3974 936 4039 materiae
958 3993 993 4037 se
1015 3973 1150 4038 miscuit.
1184 3973 1263 4038 Pars
1275 3973 1343 4037 eius
1355 3993 1439 4055 pura

270 4078 305 4142 in
336 4081 481 4143 extremo
510 4079 643 4143 circuilu
664 4079 797 4155 mundi,
819 4079 874 4161 qui
897 4078 983 4160 globi
1005 4078 1143 4143 formam
1165 4079 1265 4142 hahet
1286 4096 1346 4141 nec
1367 4079 1440 4143 infi-

271 4184 358 4248 nitus
390 4186 457 4262 est,
488 4183 665 4261 remansit;
687 4187 722 4248 ut
744 4186 823 4248 deus
845 4184 1028 4248 Stoicorum
1049 4183 1174 4247 formae
1195 4183 1347 4262 globosae
1370 4202 1440 4248 esse

271 4287 435 4371 perhiberi
455 4288 566 4369 possit.

312 4392 420 4471 Quum
441 4392 574 4472 aether,
596 4411 797 4474 quamquam
819 4413 877 4474 per
894 4411 1008 4458 omnes
1020 4389 1134 4455 mundi
1145 4394 1255 4472 partes
1267 4391 1440 4473 dispersus,

698 4876 1096 5026 „A
